% This file was created with JabRef 2.7b.
% Encoding: UTF-8

@MISC{Vlerk,
  author = {M. H. {van der Vlerk}},
  title = {Stochastic Programming Bibliography},
  howpublished = {World Wide Web, http://mally.eco.rug.nl/spbib.html},
  year = {1996-2003}
}

@INPROCEEDINGS{Smid04d,
  author = {M. {\v S}m{\'\i}d},
  title = {Distribution of Price in Thin Market with Random Arrival of Agents},
  booktitle = {Proceedings of the 22nd International Conference Mathematical Methods
	in Economics 2004},
  year = {2004},
  editor = {L. Bauer},
  pages = {311-316},
  address = {Brno},
  publisher = {Masaryk University},
  grant = {402/04/1294}
}

@INPROCEEDINGS{Smid00,
  author = {M. {\v S}m{\'\i}d},
  title = {Stochastic Model of non-liquid Market},
  booktitle = {Mathematical Methods in Economics},
  year = {2000},
  editor = {Martin Dlouh{\'y}},
  pages = {181-186},
  address = {Praha},
  publisher = {VSE}
}

@INPROCEEDINGS{Smid06,
  author = {M. {\v S}m{\'\i}d},
  title = {On Markov Properties of Limit Order Markets},
  booktitle = {Prague Stochastics 2006 - Proceedings},
  year = {2006},
  editor = {M. Hu{\v s}kov{\'a} and M. Jan{\v z}ura},
  pages = {644-653},
  address = {Praha},
  publisher = {MatFyz press},
  note = {Accepted to proceedings of Prague Stochastics 2006, preprint available
	at \url{http://ssrn.com/abstract=897917}},
  grant = {402/06/1417,402/03/H057,402/04/1294}
}

@INPROCEEDINGS{Smid06d,
  author = {M. {\v S}m{\'\i}d},
  title = {Optimal Strategies at a Limit Order Market},
  booktitle = {Proceedings of the 24th International Conference Mathematical Methods
	in Economics},
  year = {2006},
  editor = {L. Luk{\'a}{\v s}},
  address = {Pilsen},
  publisher = {University of West Bohemia},
  grant = {402/06/1417,402/03/H057,402/04/1294}
}

@INPROCEEDINGS{Smid10a,
  author = {M. {\v S}m{\'\i}d},
  title = {Dynamic model of Loan Portfolio with L\' evy Asset Prices},
  booktitle = {Proceedings of the 28th International Conference on Mathematical
	Methods in Economics 2010},
  year = {2010},
  editor = {M. Houda M and J. Friebelov\' a},
  address = {\v Cesk\' e Bud\v ejovice},
  publisher = {JCU}
}

@MISC{Smid08e,
  author = {M. {\v S}m{\'\i}d},
  title = {Probabilistic Properties of the Continuous Double Auction - Uniform
	Case},
  year = {2208},
  note = {Research report of UTIA AS CR No. 2216}
}

@ARTICLE{Smid12,
  author = {M. {\v S}m{\'\i}d},
  title = {Probabilistic Properties of the Continuous Double Auction},
  journal = {Kybernetika},
  year = {2012},
  volume = {48},
  pages = {50--82},
  number = {1},
  note = {Available at: http://www.kybernetika.cz/content/2012/1/50/paper.pdf}
}

@MISC{Smid09,
  author = {M. {\v S}m{\'\i}d},
  title = {More Probabilistic Properties of the Smith and Farmers' Model},
  year = {2009},
  note = {Research report No. 2248 of UTIA AS CR}
}

@UNPUBLISHED{Smid09a,
  author = {M. {\v S}m{\'\i}d},
  title = {Stochastic Properties of the Continuous Double Auction},
  note = {in preparation},
  year = {2009}
}

@UNPUBLISHED{Smid09b,
  author = {M. {\v S}m{\'\i}d},
  title = {Econometrical Analysis of the Continous Double Auction},
  note = {forrthcoming},
  year = {2009}
}

@ARTICLE{Smid09c,
  author = {M. {\v S}m{\'\i}d},
  title = {Expected Loss in the Discretization of Multistage Stochastic Programming
	Problems - Estimation and Convergence Rate},
  journal = {Annals of Operations Research},
  year = {2009},
  volume = {165},
  pages = {29-45},
  number = {1},
  note = {DOI=10.1007/s10479-008-0355-9}
}

@MISC{Smid08,
  author = {M. {\v S}m{\'\i}d},
  title = {Probabilistic Properties of the Continuous Double Auction},
  year = {2008},
  note = {Submitted to Kybernetika, Available at SSRN: \url{http://ssrn.com/abstract=1107114}}
}

@MISC{Smid08a,
  author = {M. {\v S}m{\'\i}d},
  title = {Probabilistic Properties of the Continuous Double Auction - Uniform
	Case},
  year = {2008},
  note = {Research report no. 22216159, Institute of Information Theory and
	Automation, February 2008, available at \url{http://ssrn.com/abstract=1087239}},
  grant = {402/06/1417}
}

@MISC{Smid08b,
  author = {M. {\v S}m{\'\i}d},
  title = {On Optimal Strategies at Limit Order Markets},
  year = {2008},
  note = {Submitted to Annals of Operations Research (status: reviews completed)}
}

@ARTICLE{Smid08d,
  author = {M. {\v S}m{\'\i}d},
  title = {Price Tails in the Smith and Farmer's Model},
  journal = {Bulletin of the Czech Econometric Society},
  year = {2008},
  volume = {25}
}

@MISC{Smid08xxx,
  author = {M. {\v S}m{\'\i}d},
  title = {Probabilistic Properties of the Continuous Double Auction},
  year = {2008},
  note = {Preprint. Available at \url{http://ssrn.com/abstract=1107114}},
  grant = {402/06/1417,,KANKOVA!!!}
}

@MISC{Smid07,
  author = {M. {\v S}m{\'\i}d},
  title = {Dynamic Decision Problem at Limit Order Market},
  year = {2007},
  note = {Preprint, available at \url{http://ssrn.com/abstract=972159}}
}

@MISC{Smid07a,
  author = {M. {\v S}m{\'\i}d},
  title = {Reduction of the Smith \& Farmers' Model},
  year = {2007},
  note = {Research report no. 2188, Institute of Information Theory and Automation,
	January 2006, available at SSRN: \url{http://ssrn.com/abstract=1017204}},
  grant = {402/06/1417,402/03/H057}
}

@ARTICLE{Smid07b,
  author = {M. {\v S}m{\'\i}d},
  title = {Are Limit Orders Rational?},
  journal = {Acta Oeconomica Pragensia},
  year = {2007},
  volume = {14},
  pages = {32-38},
  number = {4},
  grant = {402/06/1417,402/03/H057}
}

@ARTICLE{Smid07c,
  author = {M. {\v S}m{\'\i}d},
  title = {Un Uselesness of Limit Orders},
  journal = {Bulletin of the Czech Econometric Society},
  year = {2007},
  volume = {24},
  pages = {47-57},
  grant = {402/06/1417,402/03/H057,402/07/1113}
}

@MISC{Smid06a,
  author = {M. {\v S}m{\'\i}d},
  title = {Behavior of a Risk Averse {EMH}-Believer in a Limit Order Market},
  year = {2006},
  note = {Research report no. 2159, Institute of Information Theory and Automation,
	January 2006},
  grant = {402/06/1417,402/03/H057,402/04/1294}
}

@INPROCEEDINGS{Smid06b,
  author = {M. {\v S}m{\'\i}d},
  title = {Dynamic Behavior of a Rational Agent at a Limit Order Market},
  year = {2006},
  note = {Conference paper, QMF, Sydney, 2006 (published electronically)},
  grant = {402/06/1417,402/03/H057}
}

@MISC{Smid06c,
  author = {M. {\v S}m{\'\i}d},
  title = {Behavior of a Risk Averse {EMH}-Believer at a Limit Order Market},
  year = {2006},
  note = {Conference paper, WEHIA 2006 held in Bologna, published electronically},
  grant = {402/06/1417,402/03/H057,454/2004/AEK/FSV}
}

@MISC{Smid06e,
  author = {M. {\v S}m{\'\i}d},
  title = {Rational Behavior at a Limit Order Market},
  year = {2006},
  note = {Research report no. 2177, Institute of Information Theory and Automation,
	December 2006}
}

@MISC{Smid05,
  author = {M. {\v S}m{\'\i}d},
  title = {Expected Loss in the Discretization of Multistage Stochastic Programming
	Problems - Estimation and Convergence Rate},
  year = {2005},
  note = {Accepted to Annals of Operations Research (special issue - proceedings
	of EumOptFin2 workshop, Agia Nappa, Cyprus, November 2003).},
  grant = {402/04/1294}
}

@ARTICLE{Smid05a,
  author = {M. {\v S}m{\'\i}d},
  title = {Stochastic Model of Thin Market with an Indivisible Commodity},
  journal = {Acta Oeconomica Pragensia},
  year = {2005},
  volume = {13},
  pages = {94-100},
  number = {1},
  grant = {402/03/H057,402/04/1294}
}

@MISC{Smid05b,
  author = {M. {\v S}m{\'\i}d},
  title = {Conditional Distribution of the Limit Order Book Given the History
	of the Best Quote Process},
  year = {2005},
  note = {Research report no. 2126, Institute of Information Theory and Automation,
	February 2005, \url{http://econwpa.wustl.edu:80/eps/em/papers/0503/0503015.pdf}},
  grant = {402/03/H057,402/04/1294}
}

@MISC{Smid05c,
  author = {M. {\v S}m{\'\i}d},
  title = {Conditional Distribution of the Limit Order Book Given the History
	of the Best Quote Process},
  year = {2005},
  note = {Electronic publication - proceedings of WEHIA 2005 workshop},
  grant = {402/03/H057,402/04/1294}
}

@MISC{Smid05d,
  author = {M. {\v S}m{\'\i}d},
  title = {Forecasting in Continuous Double Auction},
  year = {2005},
  note = {Research report no. 2126, Institute of Information Theory and Automation,
	May 2005, \url{http://econwpa.wustl.edu:80/eps/em/papers/0508/0508002.pdf}},
  grant = {402/03/H057,402/04/1294,454/2004/AEK/FSV}
}

@INPROCEEDINGS{Smid05e,
  author = {M. {\v S}m{\'\i}d},
  title = {Forecasting in Continuous Double Auction},
  booktitle = {Proceedings of the 23th International Conference Mathematical Methods
	in Economics 2005},
  year = {2005},
  pages = {358-363},
  address = {Hradec Kralove 2005},
  publisher = {Gaudeamus, University of Hradec Kralove},
  grant = {402/03/H057,402/04/1294,454/2004/AEK/FSV}
}

@PHDTHESIS{Smid04,
  author = {M. {\v S}m{\'\i}d},
  title = {On Approximation of Stochastic Programming Problems},
  school = {Charles University, department of probability and statistics},
  year = {2004}
}

@MISC{Smid04a,
  author = {M. {\v S}m{\'\i}d},
  title = {Stochastic Model of Thin Market with Divisible Commodity},
  year = {2004},
  note = {Research report no. 2106, Institute of Information Theory and Automation,
	September 2004, \url{http://econwpa.wustl.edu:80/eps/ge/papers/0409/0409006.pdf}},
  grant = {402/03/H057,402/04/1294},
  institution = {Institute of Information Theory and Automation, Academy of Sciences
	of the Czech Republic}
}

@MISC{Smid04b,
  author = {M. {\v S}m{\'\i}d},
  title = {Stochastic Model of Thin Market of Nondivisible Commodity},
  year = {2004},
  note = {Research report no. 2100, Institute of Informaton Theory and Automation,
	April 2004, \url{http://econwpa.wustl.edu:80/eps/ge/papers/0406/0406003.pdf}},
  grant = {402/04/1294}
}

@MISC{Smid03,
  author = {M. {\v S}m{\'\i}d},
  title = {Notes on Lipschitz Properties of Linear Programming Optimal Value
	Function},
  year = {2003},
  note = {Research report no 2073, Institute of Informaton Theory and Automation,
	January 2003}
}

@MISC{Smid03a,
  author = {M. {\v S}m{\'\i}d},
  title = {Notes on Approximate Computation of Expectation},
  year = {2003},
  note = {Research report no. 2077, Institute of Information Theory and Automation,
	May 2003},
  address = {Institute of Information Theory and Automation, Academy of Sciences
	of the Czech Republic},
  institution = {Institute of Information Theory and Automation, Academy of Sciences
	of the Czech Republic},
  number = {2077}
}

@MISC{Smid01,
  author = {M. {\v S}m{\'\i}d},
  title = {Comparison of Discretization Error with Error in Monte Carlo Estimates},
  year = {2001},
  note = {Research report no. 2025, Institute of Informaton Theory and Automation,
	October 2001}
}

@ARTICLE{Smid00b,
  author = {Martin {\v S}m{\'\i}d},
  title = {Jungův Astrologick\'y Experiment},
  journal = {Transformotor},
  year = {2000}
}

@MISC{Smid00c,
  author = {M. {\v S}m{\'\i}d},
  title = {Distribution of Auction Results, Discrete Time Case},
  year = {2000},
  note = {Research report no. 2002, Institute of Informaton Theory and Automation,
	Novermber 2000}
}

@MISC{Smid99,
  author = {M. {\v S}m{\'\i}d},
  title = {Evaluating Quality of Approximate Solution of Stochastic Programming
	Problem},
  year = {1999},
  note = {Research report no 1976, Institute of Informaton Theory and Automation,
	November 1999}
}

@UNPUBLISHED{Smid10,
  author = {M. {\v S}m{\'\i}d and J. Barun{\'\i}k and L. V{\' a}cha},
  title = {Not all is microstructure noise - stylized facts of high frequency
	financial data},
  year = {2010}
}

@BOOK{Spurek97,
  title = {Encyklopedie z\'apadn\'\i{} astrologie},
  publisher = {Vodn\'a\v r},
  year = {1997},
  author = {M. {\v S}p\accent23urek},
  address = {Praha}
}

@BOOK{Stepan87,
  title = {Probability Theory (in Czech)},
  publisher = {Academia},
  year = {1987},
  author = {J. {\v S}t{\v e}p{\'a}n},
  address = {Praha}
}

@MISC{Zikes09,
  author = {F. {\v Z}ike{\v s}},
  title = {Properties of Czech Stock Returns and Volatility: Evidence from High-Frequency
	Data},
  year = {2009},
  note = {submitted to Czech Journal of Economics and Finance (Finance a \'uv\v
	er)}
}

@MISC{Zikes07,
  author = {F. {\v Z}ike{\v s}},
  title = {Dependence Structure and Portfolio Diversification on Central European
	Stock Markets},
  year = {2007},
  note = {submitted to Journal of Emerging Market Finance}
}

@UNPUBLISHED{Zikes06,
  author = {F. {\v Z}ike{\v s} and V. Bub{\'a}k},
  title = {The Impact of Trades on Subsequent Quote Revision: Evidence from
	the Prague Stock Exchange},
  note = {Forecasting Financial Markets and Economic Decision-Making FindEcon,
	Lodz, Poland, 2007 (conference paper)},
  year = {2006}
}

@ARTICLE{Zikes06a,
  author = {F. {\v Z}ike{\v s} and V. Bub{\'a}k},
  title = {Trading Intensity and Intraday Volatility on the Prague Stock Exchange:
	Evidence from an Autoregressive Conditional Duration Model},
  journal = {Finance a \'uv\v er},
  year = {2006},
  volume = {56},
  pages = {223-245},
  number = {5-6}
}

@MISC{Zikes06b,
  author = {F. {\v Z}ike{\v s} and V. Bub{\'a}k},
  title = {The Impact of Trades on Subsequent Quote Revision: Evidence from
	the Prague Stock Exchange},
  year = {2006},
  note = {IES Working paper, No. 2006/19}
}

@BOOK{Acheson,
  title = {From Calculus to Chaos},
  publisher = {Oxford University Press},
  author = {D. Acheson},
  address = {Oxford}
}

@BOOK{Andel,
  title = {Mathematical Statistics (in Czech)},
  publisher = {SNTL/ALFA},
  year = {1985},
  author = {J. And{\v e}l},
  address = {Praha}
}

@BOOK{Andel85,
  title = {Matematical Statistics (in Czech)},
  publisher = {SNTL},
  year = {1985},
  author = {J. And{\v e}l},
  address = {Prague}
}

@BOOK{Araujo80,
  title = {The Central Limit Theorem for Real and Banach Valued Random Variables},
  publisher = {J. Wiley \& Sons},
  year = {1980},
  author = {A. Araujo and E. Gin{\'e}},
  address = {New York}
}

@ARTICLE{Arlt01,
  author = {J. Arlt and M. Artlov{\'a}},
  title = {Financial Time Series and their Features},
  journal = {Acta oeconomica pragensia},
  year = {2001},
  volume = {9},
  pages = {7-20},
  number = {4}
}

@BOOK{AtkinsonCZ,
  title = {Psychologie},
  publisher = {Port\'al},
  year = {2003},
  author = {R. L. Atkinson},
  address = {Praha}
}

@MISC{Avramov05,
  author = {D. Avramov and T. Chordia and A. Goyal},
  title = {The Impact of Trades on Daily Volatility},
  year = {2005},
  note = {Presentation at conference The Microstructure of Equity and Currency
	Markets, September 9-10, 2005, Oslo, available at \url{http://www.norges-bank.no/konferanser/2005-09-09/data/Avramov_Chordia_Goyal.pdf}}
}

@BOOK{Bank82,
  title = {Non--Linear Parametric Optimization},
  publisher = {Akademie--Verlag, Berlin},
  year = {1982},
  author = {B. Bank, J. Guddat, D. Klatte, R. Kummer and R. Tammer},
  language = {English}
}

@BOOK{Barucci03,
  title = {Financial Markets Theory},
  publisher = {Springer},
  year = {2003},
  author = {E. Barucci},
  address = {London}
}

@ARTICLE{Barunik08a,
  author = {J. Barun{\'\i}k},
  title = {How Do Neural Networks Enhance the Predictability of Central European
	Stock Returns?.},
  journal = {Finance a \'uv\v er-Czech Journal of Economics and Finance.},
  year = {2008},
  volume = {58},
  pages = {359-376},
  number = {7-8}
}

@MISC{Barunik09,
  author = {J. Barun{\'\i}k and M. Vo{\v s}vrda},
  title = {Stochastic Cusp Catastrophe, Application to Stock Market Crashes
	Modeling},
  year = {2009},
  note = {Journal of Economic Dynamics and Control - forthcomming}
}

@INPROCEEDINGS{Barunik08,
  author = {J. Barun{\'\i}k and L. V{\'a}cha},
  title = {Neural Networks with Wavelet Based Denoising Layer: Application to
	Central European Stock Market Forecasting},
  booktitle = {Proceedings of 26th International Conference Mathematical Methods
	in Economics 2008, Liberec},
  year = {2008},
  editor = {{\v R}eho{\v r}ov{\'a} Pavla, Mar{\v s}{\'\i}kov{\'a} Kate{\v r}ina}
}

@ARTICLE{Barunik09a,
  author = {J. Barun{\'\i}k and L. V{\'a}cha and M. Vo{\v s}vrda},
  title = {Smart Predictors in the Heterogeneous Agent Model},
  journal = {Journal of Economic Interaction and Coordination},
  year = {2009},
  note = {Forthcomming}
}

@ARTICLE{Baumgart92,
  author = {R. Baumgart and K. Beer},
  title = {A Practicable Way for Computing the Directional Derivative of the
	Optimal Value Function in Convex Programming},
  journal = {Optimization},
  year = {1992},
  volume = {25},
  pages = {379-389}
}

@ARTICLE{Bennet62,
  author = {G. Bennet},
  title = {Probability Inequalities for Sums of Independent Random Variables},
  journal = {J. Amer. Statist. Soc.},
  year = {1962},
  volume = {57},
  pages = {33-45}
}

@ARTICLE{Benninga97,
  author = {S. Benninga and Z. Wiener},
  title = {The Binomial Option Pricing Model},
  journal = {Mathematica in Education and Research},
  year = {1997},
  volume = {6},
  number = {3}
}

@MISC{Berger05,
  author = {D. Berger and A. Chaboud and S. Chernenko and E. Howorka and R. K.
	Iyer and D. Liu and J. Wright},
  title = {Order Flow and Exchange Rate Dynamics in Electronic Brokerage System
	Data},
  year = {2005},
  note = {Presentation at conference The Microstructure of Equity and Currency
	Markets, September 9-10, 2005, Oslo, available at \url{http://www.norges-bank.no/konferanser/2005-09-09/data/Berger_etal.pdf}}
}

@ARTICLE{Biais05,
  author = {B. Biais and L. Glosten and Ch. Spatt},
  title = {Market Microstructure: A Survey of Microfoundations, Empirical Results,
	and Policy Implications},
  journal = {Journal of Financial Markets},
  year = {2005},
  volume = {8},
  pages = {217-264}
}

@BOOK{Birge97,
  title = {Introduction to Stochastic Programming},
  publisher = {Springer},
  year = {1997},
  author = {J. R. Birge and F. Louveaux},
  address = {New York}
}

@BOOK{Bohm93,
  title = {The Undivided Universe},
  publisher = {Routledge},
  year = {1993},
  author = {D. Bohm and B. J. Hiley},
  address = {London and N. Y.}
}

@ARTICLE{Bouchaud02,
  author = {J.P. Bouchaud and M. M{\'e}zard and M. Potters},
  title = {Statistical Properties of Stock Order Books: Empirical Results and
	Models},
  journal = {Quantitative Finance},
  year = {2002},
  volume = {2},
  pages = {251-256},
  note = {Preprint at \url{http://www.science-finance.fr/papers/0203511.pdf}}
}

@ARTICLE{Bouchaud01,
  author = {J. P. Bouchaud},
  title = {Power-Laws in Economics and Finance: Some Ideas from Physics},
  journal = {Quantitative Finance},
  year = {2001},
  volume = {1},
  pages = {105-112}
}

@ARTICLE{Bouchaud04,
  author = {J. P. Bouchaud and Y. Gefen and M. Potters and M. Wyart},
  title = {Fluctuations and response in financial markets: the subtle nature
	of `random' price changes},
  journal = {Quantitative Finance},
  year = {2004},
  volume = {4},
  pages = {176-190},
  number = {2},
  note = {Preprint at \url{http://www.science-finance.fr/papers/0307332.pdf}},
  abstract = {Using trades and quotes data from the Paris stock market, we show
	that the random walk nature of traded prices results from a very
	delicate interplay between two opposite tendencies: long-range correlated
	market orders that lead to super-diffusion (or persistence), and
	mean reverting limit orders that lead to sub-diffusion (or anti-persistence).
	We define and study a model where the price, at any instant, is the
	result of the impact of all past trades, mediated by a non-constant
	`propagator' in time that describes the response of the market to
	a single trade. Within this model, the market is shown to be, in
	a precise sense, at a critical point, where the price is purely diffusive
	and the average response function almost constant. We find empirically,
	and discuss theoretically, a fluctuation\&ndash;response relation.
	We also discuss the fraction of truly informed market orders, that
	correctly anticipate short-term moves, and find that it is quite
	small.}
}

@ARTICLE{Bouchaud03,
  author = {Bouchaud, J.-P. and Potters, M.},
  title = {More Statistical Properties of Order Books and Price Impact},
  journal = {Physica A Statistical Mechanics and its Applications},
  year = {2003},
  volume = {324},
  pages = {133-140},
  month = jun,
  note = {Prepring at \url{http://www.science-finance.fr/papers/0210710.pdf}}
}

@MISC{Breedon05,
  author = {F. Breedon and P. Vitale},
  title = {An Empirical Study of Liquidity and Information Effects of Order
	Flow on Exchange Rates},
  year = {2005},
  note = {Presentation at conference The Microstructure of Equity and Currency
	Markets, September 9-10, 2005, Oslo, available at \url{http://www.norges-bank.no/konferanser/2005-09-09/data/Breedon_Vitale.pdf}}
}

@ARTICLE{Hommes97,
  author = {W. A. Brock and C. H. Hommes},
  title = {Heterogeneous beliefs and routes to chaos in a simple asset pricing
	model},
  journal = {Journal of Economic Dynamics and Control},
  year = {1997}
}

@ARTICLE{Bubak06,
  author = {V. Bub{\'a}k and F. {\v Z}ike{\v s}},
  title = {Intenzita Obchodov\'an\'\i{} a Intradenn\'\i{} Volatilita Na {BCPP}:
	Důkazy Z Modelu Pro Autoregresn\'\i{} Podm\'\i n\v enou Duraci (in
	English)},
  journal = {Finance a \'uv\v er},
  year = {2006},
  volume = {5-6},
  pages = {223-}
}

@INCOLLECTION{Jung55,
  author = {C.G.Jung},
  title = {Synchronicity: An Acausal Connecting Principle},
  booktitle = {The Interpretation of Nature and the Psyche},
  publisher = {Pantheon Books},
  year = {1955},
  address = {New York}
}

@ARTICLE{Caeiro05,
  author = {F. Caeiro and M. I. Gomes and D. Pestana},
  title = {Direct Reduction of Bias of Classical Hill Estimator},
  journal = {REVSTAT},
  year = {2005},
  volume = {3},
  pages = {113-136},
  abstract = {2005}
}

@MISC{CarruthersVerbal,
  author = {M. Carruthers},
  title = {Verbal Aikido: Buletproof Communication},
  note = {\url{http://www.soulwork.net/Systemic/verbal\_aikido.htm}}
}

@ARTICLE{Cejnar98,
  author = {P. Cejnar and M. Du{\v s}ek},
  title = {Kvantov\'e Hlavolamy I.-{IV}.},
  journal = {Vesm\'\i r},
  year = {1998},
  volume = {77},
  pages = {129-132, 189-192, 272-277, 333-336, 393-396},
  number = {3-7}
}

@MISC{Centeno06,
  author = {H. Centeno and M. Wang},
  title = {Value at Risk in Emerging Markets: Empirical Evidence from Twelve
	Countries},
  year = {2006},
  note = {Project (M.A.) - Faculty of Business Administration - Simon Fraser
	University, \url{http://hdl.handle.net/1892/3514}}
}

@MISC{Chan05,
  author = {K. Chan and A. Menkveld and Z. Yang},
  title = {Information Asymmetry and Asset Prices: Evidence from the China Foreign
	Share Discount},
  year = {2005},
  note = {Presentation at conference The Microstructure of Equity and Currency
	Markets, September 9-10, 2005, Oslo, available at \url{http://www.norges-bank.no/konferanser/2005-09-09/data/Chan_Menkveld_Yang.pdf}}
}

@BOOK{Chow,
  title = {Probability Theory, Independence, Interchangeability, Martingales},
  publisher = {Springer},
  author = {Y. S. Chow and H. Teicher},
  address = {Berlin}
}

@MISC{Cincotti05,
  author = {S. Cincotti and L. Ponta and M. Raberto and E. Scalas},
  title = {Poisson-Process Generalization for the Trading Waiting-Time Distribution
	in a Double-Auction Mechanism},
  year = {2005},
  note = {working paper, available at \url{http://cinef.dibe.unige.it/publications/cincotti05b.pdf}}
}

@TECHREPORT{Cipra86,
  author = {T. Cipra},
  title = {Confidence Regions for Linear Programs with Random Coefficients},
  institution = {IIASA},
  year = {1986},
  number = {WP-86-20}
}

@TECHREPORT{Cipra86a,
  author = {T. Cipra},
  title = {Time Series in Linear Programs with Random Right-Hand Sides},
  institution = {IIASA},
  year = {1986},
  number = {WP-86-21}
}

@TECHREPORT{Cipra86b,
  author = {T. Cipra},
  title = {Time Series in Linear Programming woth Random Right-hand Sides},
  institution = {IIASA},
  year = {1986},
  number = {WP-86-21}
}

@ARTICLE{Cohen78,
  author = {K. J. Cohen and S. F. Maier and R. A. Schwartz and D.. Whitcomb},
  title = {The Returns Generation Process, Returns Variance, and the Effect
	of Thinnes in Securities Markets},
  journal = {Journal of Finance},
  year = {1978},
  volume = {33},
  pages = {149-167},
  number = {1}
}

@ARTICLE{Coles98,
  author = {M. G. Coles and E. Smith},
  title = {Marketplaces and Matching},
  journal = {International Economic Reivew},
  year = {1998},
  volume = {39},
  pages = {239-254}
}

@ARTICLE{Cont01,
  author = {R. Cont},
  title = {Empirical properties of asset returns: stylized facts and statistical
	issues},
  journal = {Quantitative Finance},
  year = {2001},
  volume = {1},
  pages = {223-236},
  number = {2},
  note = {Preprint at \url{http://www.cmap.polytechnique.fr/~rama/papers/empirical.pdf}},
  abstract = {We present a set of stylized empirical facts emerging from the statistical
	analysis of price variations in various types of financial markets.
	We first discuss some general issues common to all statistical studies
	of financial time series. Various statistical properties of asset
	returns are then described: distributional properties, tail properties
	and extreme fluctuations, pathwise regularity, linear and nonlinear
	dependence of returns in time and across stocks. Our description
	emphasizes properties common to a wide variety of markets and instruments.
	We then show how these statistical properties invalidate many of
	the common statistical approaches used to study financial data sets
	and examine some of the statistical problems encountered in each
	case.}
}

@ARTICLE{Cont10,
  author = {R. Cont and S. Stoikov and R. Talreja},
  title = {A Stochastic Model for Order Book Dynamics},
  journal = {Operations Research},
  year = {2010},
  volume = {56},
  pages = {549--563},
  number = {3}
}

@BOOK{Cont04,
  title = {Financial Modelling With Jump Processes},
  publisher = {Chapman and Hall},
  year = {2008},
  author = {R. Cont and P. Tankov},
  address = {Washington}
}

@ARTICLE{Courieroux84,
  author = {C. Courieroux and A. Monfort and A. Trognon},
  title = {Pseudo Maximum Likelihood Methods: Theory},
  journal = {Econometrica},
  year = {1984},
  volume = {52},
  pages = {681-700},
  number = {3}
}

@ARTICLE{Crawford91,
  author = {V. P. Crawford},
  title = {Comparative Statics in Matching Markets},
  journal = {J. Econ. Theory},
  year = {1991},
  volume = {54},
  pages = {389-400}
}

@BOOK{Cuthbertson97,
  title = {Quantitative Financial Economics},
  publisher = {John Wiley \& sons},
  year = {1997},
  author = {K. Cuthbertson},
  address = {New York}
}

@ARTICLE{Birge00,
  author = {L. Dai and C. H. Chen and J. R. Birge},
  title = {Convergence Properties of Two-Stage Stochastic Programming},
  journal = {Journal of Optimization Theory and Applications},
  year = {2000},
  volume = {108},
  pages = {489-509},
  number = {3}
}

@BOOK{Daley03,
  title = {An Introduction to the Theory of Point Processes},
  publisher = {Springer},
  year = {2003},
  author = {D. J. Daley and D. Vere-Jones},
  address = {New York},
  edition = {second}
}

@ARTICLE{Danielsson00,
  author = {J. Danielsson and C. G. De Vries},
  title = {Value-at-Risk and Extreme Returns},
  journal = {Annales d'\'Economie et de Statistique},
  year = {2000},
  volume = {60}
}

@ARTICLE{Dantzig99,
  author = {G. B. Dantzig},
  title = {Planning under Uncertainty},
  journal = {Annals of Operations Research},
  year = {1999},
  volume = {85},
  pages = {preface}
}

@ARTICLE{Dantzig93,
  author = {G. B. Dantzig and G. Infanger},
  title = {Multi-stage stochastic linear programs for portfolio optimization},
  journal = {Ann. Oper. Res.},
  year = {1993},
  volume = {45},
  pages = {59--76},
  number = {1-4},
  fjournal = {Annals of Operations Research},
  issn = {0254-5330}
}

@BOOK{Davis75,
  title = {Methods of Numerical Integration},
  publisher = {Academic Press},
  year = {1975},
  author = {P. J. Davis and P. Rabinowitz},
  address = {New York}
}

@INCOLLECTION{Dempster02,
  author = {M. A. H. Dempster and G. W. P. Thompson},
  title = {Dynamic Portfolio Replication Using Stochastic Programming.},
  booktitle = {Risk Management: Value at Risk and Beyond},
  publisher = {Cambridge University Press},
  year = {2002},
  editor = {M. Dempster},
  pages = {100-128},
  address = {Cambridge}
}

@ARTICLE{Dennert93,
  author = {Jurgen Dennert},
  title = {Price Competition Between Market Makers},
  journal = {The Review of Economic Studies},
  year = {1993},
  volume = {60},
  pages = {735-751},
  abstract = {This paper explicitly models price competition in financial markets
	in which prices are quoted by competing dealers before future demand
	is observed. The strategic behavior of informed insiders and uninformed
	liquidity traders implies that a growing number of marketmakers leads
	to a higher risk exposure for the individual marketmaker, which induces
	higher individual bid-ask spreads and higher transaction costs for
	the liquidity traders. Under certain conditions, liquidity traders
	would prefer a monopolistic marketmaker rather than several competing
	marketmakers. The results hold under various assumptions on the strategy
	space of the marketmakers.}
}

@PHDTHESIS{Dobias03,
  author = {P. Dobi{\'a}{\v s}},
  title = {Stability in Stochastic Programming with Applications to Risk Management},
  school = {Charles University, Faculty of Mathematics and Physics},
  year = {2003}
}

@MISC{Dunne05,
  author = {P. Dunne and H. Hau and M. Moore},
  title = {Macroeconomic Order Flows: Explaining Equity and Exchange Rate},
  year = {2005},
  note = {Presentation at conference The Microstructure of Equity and Currency
	Markets, September 9-10, 2005, Oslo, available at \url{http://www.norges-bank.no/konferanser/2005-09-09/data/Dunne_Hau_Moore.pdf}}
}

@TECHREPORT{Dupacova97,
  author = {J. Dupacova and M. Bertocchi},
  title = {From data to model and back to data: Portfolio management for Italian
	bond market},
  institution = {Univ. of Bergamo},
  year = {1997},
  type = {Technical Report},
  number = {25},
  note = {(For the 21th meeting of EURO WGFM, Venice, 1997), Submitted for
	EJOR}
}

@UNPUBLISHED{Dupacova98,
  author = {J. Dupacova and G. Consigli and S. W. Wallace},
  title = {Scenarios for Multistage Stochastic Programs},
  year = {1998}
}

@UNPUBLISHED{Dupac00,
  author = {V. Dupa{\v c}},
  title = {Monte Carlo Podle Markova},
  year = {2000}
}

@ARTICLE{Dupac56,
  author = {V. Dupa{\v c}},
  title = {Stochastic Numerical Methods (in Czech)},
  journal = {\v Casopis pro p\v estov\'an\'\i{} matematiky},
  year = {1956},
  volume = {81},
  pages = {55-67}
}

@INCOLLECTION{Dupacova96_s,
  author = {J. Dupa{\v c}ov{\'a}},
  title = {Uncertainty about input data in portfolio management},
  booktitle = {Modelling Techniques for Financial Markets and Bank Management},
  publisher = {Physica Verlag},
  year = {1996},
  editor = {M. Bertocchi et al.},
  pages = {17--33}
}

@UNPUBLISHED{Dupacova91,
  author = {J. Dupa{\v c}ov{\'a}},
  title = {Stochastic programming models in banking},
  note = {Tutorial Paper, IIASA Laxenburg, February 1991}
}

@UNPUBLISHED{DupacovaXX,
  author = {J. Dupa{\v c}ov{\'a}},
  title = {Portfolio Optimization Via Stochastic Programming: Methods of Output
	Analysis}
}

@ARTICLE{Dupacova00,
  author = {J. Dupa{\v c}ov{\'a}},
  title = {Output Analysis for Approximated Stochastic Programs},
  journal = {to be printed},
  year = {2000}
}

@ARTICLE{Dupacova95,
  author = {J. Dupa{\v c}ov{\'a}},
  title = {Multistage stochastic programs: the state-of-the-art and selected
	bibliography},
  journal = {Kybernetika (Prague)},
  year = {1995},
  volume = {31},
  pages = {151--174},
  number = {2},
  fjournal = {Kybernetika},
  issn = {0023-5954}
}

@ARTICLE{Dupacova87,
  author = {J. Dupa{\v c}ov{\'a}},
  title = {Stochastic programming with incomplete information: a survey of results
	on postoptimization and sensitivity analysis},
  journal = {Optimization},
  year = {1987},
  volume = {18},
  pages = {507--532},
  number = {4},
  fjournal = {Optimization. A Journal of Mathematical Programming and Operations
	Research},
  issn = {0233-1934}
}

@BOOK{Dupacova82,
  title = {Linear Programming (in Czech)},
  publisher = {SPN},
  year = {1982},
  author = {J. Dupa{\v c}ov{\'a}},
  address = {Praha}
}

@BOOK{Dupaeova82,
  title = {Line\'arn\'\i{} Programov\'an\'\i},
  publisher = {SPN},
  year = {1982},
  author = {J. Dupa{\v c}ov{\'a}},
  address = {Praha}
}

@ARTICLE{Dupacova03,
  author = {J. Dupa{\v c}ov{\'a} and N. Gr{\"o}ve-Kuska and V. R{\"o}misch},
  title = {Scenario Reducttion in Stochastic Programming, An Approach Using
	Probability Metrics},
  journal = {Mathematical Programmming ser. A},
  year = {2003},
  volume = {95},
  pages = {493-511}
}

@BOOK{DHS02,
  title = {Stochastic Modelling in Economics and Finance},
  publisher = {Kluwer},
  year = {2002},
  author = {J. Dupa{\v c}ov{\'a} and J. Hurt and J. {\v S}t{\v e}p{\'a}n},
  address = {Dodrecht}
}

@INCOLLECTION{Dupacova98a,
  author = {J. Dupa{\v c}ov{\'a} and W. R{\"o}misch},
  title = {Quantitative Stability for Scenario-Based Stochastic Programs},
  booktitle = {Prague Stochastics 98},
  publisher = {JCMF},
  year = {1998},
  pages = {119-124},
  journal = {Prague Stochastics}
}

@ARTICLE{Dupacova88,
  author = {J. Dupa{\v c}ov{\'a} and R. Wets},
  title = {Asymptotic Behavior of Statistical Estimators and of Optimal Solutions
	of Stochastic Optimization Problems},
  journal = {Ann. statist.},
  year = {1988},
  volume = {16},
  pages = {1517-1549}
}

@ARTICLE{Engle98,
  author = {R. F. Engle and J. R. Russel},
  title = {Autoregressive Conditional Duration: A New Model for Irregularly
	Spaced Transaction Data},
  journal = {Econometrica},
  year = {1998},
  volume = {66},
  pages = {1127-1162},
  number = {5}
}

@INCOLLECTION{Ermoliev88,
  author = {Y. Ermoliev},
  title = {Stochastic Quasigradient Methods},
  booktitle = {Numerical Techniques for Stochastic Optimization},
  publisher = {Springer},
  year = {1988},
  editor = {Y, Ermoliev and R. J.-B, Wets},
  pages = {33-64},
  address = {Berlin}
}

@ARTICLE{Ermoliev91,
  author = {Yuri M. Ermoliev and Vladimir I. Norkin},
  title = {Normalized convergence in stochastic optimization},
  journal = {Ann. Oper. Res.},
  year = {1991},
  volume = {30},
  pages = {187--198},
  number = {1-4},
  note = {Stochastic programming, Part I (Ann Arbor, MI, 1989)},
  fjournal = {Annals of Operations Research},
  issn = {0254-5330}
}

@MISC{Evans05,
  author = {M. Evans and R. Lyons},
  title = {Exchange Rate Fundamentals and Order Flow},
  year = {2005},
  note = {Presentation at conference The Microstructure of Equity and Currency
	Markets, September 9-10, 2005, Oslo, available at \url{http://www.norges-bank.no/konferanser/2005-09-09/data/Evans_Lyons.pdf}}
}

@MISC{EvansGeneral,
  author = {P. Evans},
  title = {Verbal Abuse and its Devastating Impact},
  note = {\url{http://www.verbalabuse.com/2.shtml}}
}

@MISC{EvansWWW,
  author = {P. Evans},
  title = {Verbal Abuse},
  note = {\url{http://www.verbalabuse.com}}
}

@ARTICLE{Fama70,
  author = {E. Fama},
  title = {Efficient Capital Markets: A Review of Theory and Empirical Work},
  journal = {Journal of Finance},
  year = {1970},
  volume = {25},
  pages = {383-417}
}

@ARTICLE{Farmer05,
  author = {J. D. Farmer and P. Patelli and I .I. Zovko},
  title = {The Predictive Power of Zero Intelligence in Financial Markets,},
  journal = {Proc. Nat. Acad. Sci.},
  year = {2005},
  volume = {102},
  pages = {2254-2259},
  note = {Preprint at \url{http://www.pnas.org/cgi/content/full/102/6/2254}}
}

@ARTICLE{Feinberg04,
  author = {E. Feinberg},
  title = {Continuous Time Discounted Jump Markov Decision Processes: A Discrete-Event
	Approach},
  journal = {Mathematics of Operations Research},
  year = {2004},
  volume = {29},
  pages = {492-524}
}

@ARTICLE{FiellerXX,
  author = {E. C. Fieller},
  title = {The distribution of the index in a normal bivariate population},
  journal = {??},
  year = {??},
  pages = {428-440}
}

@MISC{Fulton01,
  author = {J. T. Fulton},
  title = {Determining the Biological (Functional) Locus of Achromatopsia as
	a Syndrome},
  year = {2001},
  note = {internet publication}
}

@UNPUBLISHED{Pflug98,
  author = {G. Ch. Pflug, A. Swietanovski},
  title = {Optimal Scenario Tree Generation for Multiperiod Financial Optimization},
  year = {1998}
}

@ARTICLE{Gabais03,
  author = {X. Gabais and P. Gopikrishnan and V. Plerou and H. E. Stanley},
  title = {A Theory of Power-Law Distributions in Financial Market Fluctuations},
  journal = {Nature},
  year = {2003},
  volume = {423},
  pages = {267-270}
}

@ARTICLE{Gabaix03,
  author = {X. Gabaix and P. Gopikrishnan and V. Plerou and H. E. Stanley},
  title = {A Theory of Power-Law Distributions in Financial Market Fluctuations},
  journal = {Nature},
  year = {2003},
  volume = {423},
  pages = {267-270},
  note = {Preprint at \url{http://econ-www.mit.edu/faculty/download_pdf.php?id=529}}
}

@ARTICLE{Gal68,
  author = {T. Gal},
  title = {Linear System Programming: 2. Changes in Coefficients $a_{i,j}$ of
	Basic Structural Variables in a Simplex Problem of Linear Programming
	(in Czech)},
  journal = {Ekonomicko matematick\'y obzor},
  year = {1968},
  volume = {4},
  pages = {76-92},
  number = {1}
}

@MISC{Gapko10,
  author = {P. Gapko and M. {\v S}m{\'\i}d},
  title = {Modeling a distribution of mortgage credit lossesg},
  year = {2010},
  note = {IES Working Papers, 23/2010. http://ies.fsv.cuni.cz/default/file/download/id/14476
	}
}

@MISC{Gapko10a,
  author = {P. Gapko and M. {\v S}m{\'\i}d},
  title = {Two factor credit risk model with Levy processes},
  year = {2010},
  note = {forthcoming}
}

@ARTICLE{Garman76,
  author = {M. Garman},
  title = {Market microstructure},
  journal = {Journal of Financial Economics},
  year = {1976},
  volume = {3},
  pages = {257-275}
}

@MISC{Gassmann03,
  author = {H. I. Gassmann and S. W. Wallace and W. T. Ziemba},
  title = {Stochastic Programming Computer Implementations},
  year = {2003},
  note = {a chapter in a book}
}

@MISC{Goettler05,
  author = {R. Goettler and Ch. Parlour and U. Rajan},
  title = {Information Acquisition in a Limit Order Market},
  year = {2005},
  note = {Presentation at conference The Microstructure of Equity and Currency
	Markets, September 9-10, 2005, Oslo, available at \url{http://www.norges-bank.no/konferanser/2005-09-09/data/Goettler_Parlour_Rajan.pdf}}
}

@ARTICLE{Goettler05A,
  author = {R. L. Goettler and Ch. A. Parlour and U. Rajan},
  title = {Equilibrium in a Dynamic Limit Order Market},
  journal = {The Journal of Finance},
  year = {2005},
  volume = {60},
  pages = {2149-2192},
  number = {5}
}

@ARTICLE{Gopikrishnan00,
  author = {Gopikrishnan, P. and Plerou, V. and Gabaix, X. and Stanley, H. E.},
  title = {Statistical Properties of Share Volume Traded in Financial Markets},
  journal = {Phys. Rev. E},
  year = {2000},
  volume = {62},
  pages = {R4493–R4496},
  note = {Prepring at \url{http://polymer.bu.edu/hes/articles/gpgs00.pdf}}
}

@BOOK{Granger86,
  title = {Forecasting Economic Time Series},
  publisher = {Academic Press},
  year = {1986},
  author = {C. V. J. Granger and P. Newbold},
  address = {Orlando, FL}
}

@ARTICLE{Grinold86,
  author = {R. C. Grinold},
  title = {Infonite Horizon Stochastic Programs},
  journal = {SIAM J. Control and Optimization},
  year = {1986},
  volume = {24},
  pages = {1247-1260},
  abstract = {6}
}

@ARTICLE{GS80,
  author = {S. Grossman and J. Stiglitz},
  title = {On the Impossiblity of Informationally Efficient Markets},
  journal = {American Economic Review},
  year = {1980},
  volume = {70},
  pages = {393-408}
}

@ARTICLE{Gugat94,
  author = {M. Gugat},
  title = {One-Sided Derivatives for the Value Function in Convex Parametric
	Programming},
  journal = {Optimization},
  year = {1994},
  volume = {28},
  pages = {301-314}
}

@ARTICLE{Guillaume97,
  author = {D. M. Guillaume and M. M. Dacorogna and R. D. Dav{\'e} and U. A.
	M{\"u}ller and R. B. Olsen and O. V. Pictet},
  title = {From the Bird's Eye to the Microscope: A Survey of New Stylized Facts
	of the Intra-Daily Foreign Exchange Markets},
  journal = {Finance and Stochastics},
  year = {1997},
  volume = {1},
  pages = {95-129}
}

@BOOK{Ziemba03,
  title = {Stochastic Programming Computer Implementation},
  publisher = {?},
  year = {2003},
  author = {H. I. Gassmann, S. W. Wallace, W. T. Ziemba},
  address = {?}
}

@ARTICLE{Hall82,
  author = {P. Hall},
  title = {On some Simple Estimates of an Exponent of Regular Variation},
  journal = {Journal of the Royal Statistical Society, Series B},
  year = {1982},
  volume = {42},
  pages = {37-42}
}

@BOOK{Hanson07,
  title = {Applied Stochastic Processes and Control for Jump-Diffusions},
  publisher = {Society for Indurstrial and Applied Mathematics},
  year = {2007},
  author = {F. B. Hanson},
  address = {NY}
}

@UNPUBLISHED{Hasbrouck98,
  author = {Joel Hasbrouck},
  title = {Security {Bid/Ask} Dynamics with Discreteness and Clustering: Simple
	Strategies for Modeling and Estimation},
  note = {http://www.stern.nyu.edu/fin/workpapers/wpa98042.pdf},
  year = {1998},
  abstract = {The short-term movements of a security price reflect the latent efficient
	price (conditional expectation of terminal value) and also components
	arising from the trading mechanism itself. Observed bid and ask quotes
	are but rough signals of these unobserved quantities. The bid and
	ask quotes in the $DM$ market considered here, for example, are discrete,
	with a tick size that is not trivial relative to the spread. Furthermore,
	the distribution of these quotes is clustered, with a greater-than-expected
	incidence of five-tick multiples. This paper suggests a simple framework
	for handling discrete, clustered quotes. Despite the simplicity of
	the model, estimation by traditional (likelihood or moment) methods
	is difficult. As an alternative, the paper implements a Gibbs sampler
	approach that proves to be quick and effective. This strategy opens
	the door for the investigation of a broad class of structural microstructure
	models}
}

@ARTICLE{Hasbrouck91,
  author = {J. Hasbrouck},
  title = {Measuring the Information Content of Stock Trades},
  journal = {The Journal of Finance},
  year = {1991},
  volume = {46},
  pages = {197-207}
}

@BOOK{Hellinger00,
  title = {Skryt\'a Symetrie L\'asky},
  publisher = {Pragma},
  year = {2000},
  author = {B. Hellinger},
  address = {Praha}
}

@ARTICLE{Hill75,
  author = {B. M. Hill},
  title = {A Simple General Approach to Inference About the Tail of a Distribution},
  journal = {The Annals of Statistics},
  year = {1975},
  volume = {3},
  pages = {1163-1174},
  number = {5}
}

@MISC{Hill05,
  author = {J. B. Hill},
  title = {On Tail Index Estimation for Dependent, Heterogeneous Data},
  year = {2005},
  note = {Working Papers 0512, Florida International University, Department
	of Economics}
}

@ARTICLE{Hoeffding63,
  author = {W. Hoeffding},
  title = {Probability inequalities for sums of bounded random variables},
  journal = {J. Amer. Statist. Assoc},
  year = {1963},
  volume = {58},
  pages = {13-30},
  number = {301},
  language = {English}
}

@BOOK{Hoffmann94,
  title = {Probability with a View Towards to Statistics I.},
  publisher = {Chapman and Hall},
  year = {1994},
  author = {J. Hoffmann-J{\o}rgenson},
  address = {New York},
  doi = {10.1201/9780203742013}
}

@MISC{Hommes05,
  author = {C. G. Hommes},
  title = {Heterogeneous Agent Models in Economics and Finance},
  year = {2005},
  note = {Tinbergen Institute Discussion Paper No. TI 05-056/1}
}

@MASTERSTHESIS{Horak07,
  author = {J. Hor{\'a}k},
  title = {Statistical Properties of the Czech Capital Market},
  school = {Faculty of Mathematics and Physics, Charles University, Prague},
  year = {2007},
  note = {In Czech}
}

@MISC{Horak09,
  author = {J. Hor{\'a}k and M. {\v S}m{\'\i}d},
  title = {Measuring Price Tails at the Czech Stock Market},
  year = {2009},
  note = {submitted to Finance a \'uv\v er (status: returned to rework)}
}

@ARTICLE{Huang01,
  author = {W. Huang and R. H. Day},
  title = {On the Statistical Properties of Ergodic Economic Systems},
  journal = {Discrete Dynamics in Nature and Society},
  year = {2001},
  volume = {6},
  pages = {181-189}
}

@ARTICLE{Huisman01,
  author = {R. Huisman},
  title = {Tail-Index Estimates in Small Samples},
  journal = {Journal of Business \& Economic Statistics},
  year = {2001},
  volume = {19},
  pages = {208-216},
  number = {2}
}

@BOOK{Bures98,
  title = {Diferenci\'aln\'\i{} Geometrie K\o ivek a Ploch},
  publisher = {Karolinum},
  year = {1998},
  author = {J. Bure{\v s}, K. Hrub{\`e}{\'\i}k},
  address = {Praha}
}

@BOOK{JarnikDI,
  title = {Diferential Calculus (in Czech)},
  publisher = {Nakladatelstv\'\i{} \v Ceskoslovensk\'e akademie v\v ed},
  year = {1955},
  author = {V. Jarn{\'\i}k},
  address = {Praha},
  note = {in Czech}
}

@BOOK{JarnikDII,
  title = {Diferential Calculus {II}},
  publisher = {Nakladatelstv\'\i{} \v Ceskoslovensk\'e akademie v\v ed},
  year = {1956},
  author = {V. Jarn{\'\i}k},
  address = {Praha},
  note = {in Czech}
}


@BOOK{JarnikIII,
  title = {Integral Calculus {II}. (In Czech)},
  publisher = {Academia},
  year = {1955},
  author = {V. Jarn{\'\i}k},
  address = {Prague}
}

@BOOK{Judge85,
  title = {The Theory and Practice of Econometrics, sec. ed.},
  publisher = {Wiley},
  year = {1985},
  author = {G. G. Judge and W. E. Griffiths and R. C. Hill and T. C. Lee and
	H. Lutkepohl}
}

@ARTICLE{Kadlec99,
  author = {G. B. Kadlec and M. D. Patterson},
  title = {A Transactions Data Analysis of Nonsynchronous Trading},
  journal = {Review of Financial Studies},
  year = {1999},
  volume = {12},
  pages = {609-630},
  number = {3}
}

@ARTICLE{KT79,
  author = {D. Kahneman and A. Twersky},
  title = {Prospect Theory: An Analysis of Decision under Risk},
  journal = {Econometrica},
  year = {1979},
  volume = {47},
  pages = {263-291}
}

@MISC{Kalay05,
  author = {A. Kalay and A. Wohl},
  title = {Detecting Liquidity Traders},
  year = {2005},
  note = {Presentation at conference The Microstructure of Equity and Currency
	Markets, September 9-10, 2005, Oslo, available at \url{http://www.norges-bank.no/konferanser/2005-09-09/data/Kalay_Wohl.pdf}}
}

@BOOK{Kall76,
  title = {Stochastic Linear Programming},
  publisher = {Springer},
  year = {1976},
  author = {P. Kall},
  address = {Berlin}
}

@INCOLLECTION{Kall88,
  author = {P. Kall and P. Ruszczy{\' n}ski and K. Frauendorfer},
  title = {Approximation Techniques in Stochastic Programming},
  booktitle = {Numerical Techniques for Stochastic Optimization},
  publisher = {Springer},
  year = {1988},
  editor = {Y, Ermoliev and R. J.-B, Wets},
  pages = {33-64},
  address = {Berlin}
}

@BOOK{Kall94,
  title = {Stochastic Programming},
  publisher = {Willey},
  year = {1994},
  author = {P. Kall and S. W. Wallace},
  address = {Chichester}
}

@BOOK{Kallenberg02,
  title = {Foundations of Modern Probability},
  publisher = {Springer},
  year = {2002},
  author = {O. Kallenberg},
  address = {New York},
  edition = {second},
  doi = {10.1007/b98838},
  url = {https://doi.org/10.1007%2Fb98838}
}

@ARTICLE{Kaniovski95,
  author = {Yu. M. Kaniovski and A. J. King and R. J.-B. Wets},
  title = {Probabilistic Bounds (Via Large Deviations) for the Solutions of
	Stochastic Programming Problems},
  journal = {Ann. Oper. Res.},
  year = {1995},
  volume = {56},
  pages = {189-208}
}

@BOOK{Karatzas98,
  title = {Methods of Mathematical Finance},
  publisher = {Springer},
  year = {1998},
  author = {I. Karatzas and S. E. Shreve},
  address = {NY}
}

@BOOK{Karttunnen96,
  title = {Fundamental Astronomy},
  publisher = {Springer},
  year = {1996},
  author = {H. Karttunnen and Co.},
  address = {Berlin}
}

@INPROCEEDINGS{Kaakova07,
  author = {V. Ka{\v n}kov{\'a}},
  title = {Multistage Stochastic Programs Via Stochastic Parametric Optimization},
  booktitle = {Operations Research Proceedings 2007, Annual Internmatinal Conference
	of the German Operations Research Society {(GOR)}, (Saarbruecken,
	{DE}, 05.09.2007-07.09.2007)},
  year = {2007},
  editor = {Kalcsics Joerg, Nickel Stefan}
}

@INPROCEEDINGS{Kankova08a,
  author = {V. Ka{\v n}kov{\'a}},
  title = {Multistage Stochastic Programming Programs Via Stochastic Parametric
	Optimization},
  booktitle = {Operations Research Proceedings 2007},
  year = {2008},
  editor = {Kalcsics, J.; Nickel, S.},
  pages = {63-68},
  address = {Berlin},
  publisher = {Springer},
  note = {(in print)},
  journal = {Operations Research Proceedings}
}

@INPROCEEDINGS{Kankova07,
  author = {V. Ka{\v n}kov{\'a}},
  title = {Multistage Stochastic Programming Problems: Stability and Approximations},
  booktitle = {Operations Research Proceedings 2006.},
  year = {2007},
  editor = {Waldmann, K.; Stocker, U.},
  pages = {595-600},
  address = {Berlin},
  publisher = {Springer}
}

@TECHREPORT{KankovaMAT,
  author = {V. Ka{\v n}kov{\'a}},
  title = {A Research Report on Parameter in a Matrix of {LP}},
  institution = {\'UTIA}
}

@MISC{Kankovapub,
  author = {V. Ka{\v n}kov{\'a}},
  title = {Publications (in Czech)}
}

@MISC{Kankova09,
  author = {V. Ka{\v n}kov{\'a}},
  title = {Empirical Estimates Via Stability in Stochastic Programming.},
  year = {2009},
  note = {submitted to Annals of Operations Research}
}

@ARTICLE{Kankova08,
  author = {V. Ka{\v n}kov{\'a}},
  title = {Multistage Stochastic Programs Via Autoregressive Sequences and Individual
	Probability Constraints},
  journal = {Kybernetika},
  year = {2008},
  volume = {44},
  pages = {151-170}
}

@ARTICLE{Kaakova06,
  author = {V. Ka{\v n}kov{\'a}},
  title = {Multistage Stochastic Programming Problems; Stability and Approximations},
  journal = {Operations Research Proceedings},
  year = {2006},
  pages = {595-600}
}

@INPROCEEDINGS{KankSlov06,
  author = {V. Ka{\v n}kov{\'a}},
  title = {Unemployment Problem via Multistage Stochastic Programming},
  booktitle = {Proceedings of: Kvantitat\'Yvne met{\'o}dy v ekonomike. (Viacekriteri{\'a}lna
	optimiz{\'a}cia VII)},
  year = {2006},
  pages = {69-76},
  address = {Bratislava},
  publisher = {The Slovak Society for Operations Research and University of Economics
	in Bratislava}
}

@OTHER{Kankova04,
  address = {Bratislava},
  author = {V. Ka{\v n}kov{\'a}},
  booktitle = {Proceedings Quantitative Methods in Economics (Multiple Criteria
	Decision Making {XII)}},
  pages = {109--117},
  publisher = {The Slovak Society for Operations Research and University of Economics
	in Bratislava},
  title = {Multiobjective Programs and Markowitz Model},
  year = {2004}
}

@INPROCEEDINGS{Kankova03,
  author = {V. Ka{\v n}kov{\'a}},
  title = {A Remark on Multiobjective Stochastic Optimization Problem: Stability
	and Empirical Estimates},
  booktitle = {Operations Research Proceedings 2003},
  year = {2003},
  pages = {379-386},
  address = {Berlin},
  publisher = {Springer},
  journal = {Operations Research Proceedings 2003}
}

@ARTICLE{Kankova02,
  author = {V. Ka{\v n}kov{\'a}},
  title = {A Remark on Empirical Estimates in Multistage Stochastic Programming},
  journal = {Bulletin of the Czech Econometric Society},
  year = {2002},
  volume = {17},
  pages = {32-51}
}

@ARTICLE{Kankova02a,
  author = {V. Ka{\v n}kov{\'a}},
  title = {A Remark on the Analysis of Multistage Stochastic Programs: Markov
	Dependence},
  journal = {Z. angew. Math. Mech.},
  year = {2002},
  volume = {82},
  pages = {781--793},
  number = {11-12}
}

@INPROCEEDINGS{Kankova00,
  author = {V. Ka{\v n}kov{\'a}},
  title = {Multistage Stochastic Programming: Stability, Approximation and Markov
	Dependence},
  booktitle = {Operations Research Proceedings 1999},
  year = {2000},
  pages = {136-141},
  address = {Berlin},
  publisher = {Springer}
}

@INPROCEEDINGS{Kankova99,
  author = {V. Ka{\v n}kov{\'a}},
  title = {A Note on Multistage Stochastic Programming},
  booktitle = {Proceedings of the 11th Joint Czech-German-Slovak Conference ``Mathematical
	Methods in Economy and Industry''. Liberec (Czech Republic) 1998},
  year = {1999},
  pages = {45-52},
  address = {Liberec},
  publisher = {Technick\'a univerzita Liberec, Vysoko\v skolsk\'y podnik s.r.o.}
}

@ARTICLE{Kankova97,
  author = {V. Ka{\v n}kov{\'a}},
  title = {On the stability in stochastic programming: the case of individual
	probability constraints},
  journal = {Kybernetika (Prague)},
  year = {1997},
  volume = {33},
  pages = {525--546},
  number = {5},
  fjournal = {Kybernetika},
  issn = {0023-5954}
}

@ARTICLE{Kankova95,
  author = {V. Ka{\v n}kov{\'a}},
  title = {A Note on Extimates in Stochastic Programming},
  journal = {Journal of Computational and Applied Mathematic},
  year = {1995},
  volume = {56},
  pages = {97-112}
}

@ARTICLE{Kankova94,
  author = {V. Ka{\v n}kov{\'a}},
  title = {On the stability in stochastic programming---generalized simple recourse
	problems},
  journal = {Informatica},
  year = {1994},
  volume = {5},
  pages = {55--78},
  number = {1-2},
  fjournal = {Lithuanian Academy of Sciences. Informatica},
  issn = {0868-4952}
}

@TECHREPORT{Kankova94a,
  author = {V. Ka{\v n}kov{\'a}},
  title = {On distribution stability in stochastic programming},
  institution = {Instiute of Information Theory and Automation, Czech Acad. Sci.},
  year = {1994},
  number = {1826}
}

@ARTICLE{Kankova93,
  author = {V. Ka{\v n}kov{\'a}},
  title = {Stability in stochastic programming---the case of unknown location
	parameter},
  journal = {Kybernetika (Prague)},
  year = {1993},
  volume = {29},
  pages = {80--101},
  number = {1},
  fjournal = {Kybernetika},
  issn = {0023-5954}
}

@TECHREPORT{Kaakova82,
  author = {V. Ka{\v n}kov{\'a}},
  title = {\'Ulohy stochastick\'eho programov\'an\'\i{} s ne\'uplnou informac\'\i},
  institution = {\'UTIA},
  year = {1982},
  number = {1140}
}

@TECHREPORT{Kankova82,
  author = {V. Ka{\v n}kov{\'a}},
  title = {\'Ulohy Stochastick\'eho Programov\'an\'\i{} S Ne\'uplnou Informac\'\i},
  institution = {\'UTIA},
  year = {1982},
  number = {1140}
}

@ARTICLE{Kankova80,
  author = {V. Ka{\v n}kov{\'a}},
  title = {Approximative Solution of Problems of Two-Stage Stochastic Nonlinear
	Programming (in Czech)},
  journal = {Ekonomicko-matematick\'y obzor},
  year = {1980},
  volume = {16},
  pages = {64-76},
  language = {Czech}
}

@INPROCEEDINGS{Kankova78,
  author = {V. Ka{\v n}kov{\'a}},
  title = {An approximative solution of a stochastic optimization problem},
  booktitle = {Trans. Eighth Prague Conference},
  year = {1978},
  pages = {234--244},
  publisher = {Academia, Prague},
  language = {English}
}

@ARTICLE{Kankova78a,
  author = {V. Ka{\v n}kov{\'a}},
  title = {Differentiability of the optimalized function in a two stages stochastic
	nonlinear programming problem (in C)},
  journal = {Ekonomicko-matematick\'y obzor},
  year = {1978},
  volume = {14},
  pages = {322-30},
  language = {Czech}
}

@INPROCEEDINGS{Kankova77,
  author = {V. Ka{\v n}kov{\'a}},
  title = {Optimum Solution of a Stochastic Programming Problem Witth Unknown
	Parameters},
  booktitle = {Transactions of the Seventh Prague Conference 1974},
  year = {1977},
  pages = {234-244},
  address = {Praha},
  publisher = {Academia}
}

@MISC{Smid04c,
  author = {V. Ka{\v n}kov{\'a} and M. {\v S}m{\'\i}d},
  title = {A Remark on Approximation in Multistage Stochastic Programs; Markov
	Dependence},
  year = {2004},
  note = {Research report no. 2102, Institute of Informaton Theory and Automation,
	May 2004},
  grant = {402/04/1294+2 others}
}

@ARTICLE{SmidKank04,
  author = {V. Ka{\v n}kov{\'a} and M. {\v S}m{\'\i}d},
  title = {On Approximation in Multistage Stochastic Programs: Markov Dependence},
  journal = {Kybernetika},
  year = {2004},
  volume = {40},
  pages = {625-638},
  number = {5},
  grant = {402/04/1294,+2 others}
}

@ARTICLE{Kankova92,
  author = {V. Ka{\v n}kov{\'a} and P. Lachout},
  title = {Convergence rate of empirical estimates in stochastic programming},
  journal = {Informatica},
  year = {1992},
  volume = {3},
  pages = {497--523},
  number = {4}
}

@PHDTHESIS{King86,
  author = {A. J. King},
  title = {Asymptotic Behavior of Solutions in Stochastic Optimization: Nonsmooth
	Analysis And the Derivation of Non-Normal Limit Distributions},
  school = {University of Washington},
  year = {1986}
}

@MISC{Klemperer99,
  author = {P. Klemperer},
  title = {Auction Theory and its Applications to Economics},
  year = {1999},
  note = {\url{http://www.nuff.ox.ac.uk/users/klemperer/readinglist2.pdf}}
}

@INPROCEEDINGS{Kopa05,
  author = {M. Kopa},
  title = {Stochastic Dominance and {CVaR} in Portfolio Selection Problem},
  booktitle = {Mathematical Methods in Economics 2005 Proceedings},
  year = {2005},
  pages = {211-216}
}

@ARTICLE{Kopa04,
  author = {M. Kopa},
  title = {Risk Premiums for Multiperiod Risks},
  journal = {Bulletin of the Czech Econometric Society},
  year = {2004},
  volume = {21},
  pages = {67-79}
}

@MISC{KopaChov,
  author = {M. Kopa and P. Chovanec},
  title = {A second-order stochastic dominance portfolio efficiency measure},
  year = {2008},
  note = {Accepted to Kybernetika.}
}

@MISC{KopaPost,
  author = {M. Kopa and T. Post},
  title = {A portfolio efficiency test based on first-order stochastic dominance
	criterion},
  year = {2008},
  note = {Accepted to Journal of Financial and Quantitative Analysis.}
}

@BOOK{Kushner01,
  title = {Numerical Methods for Stochastic Control Problems in Continuous Time},
  publisher = {Springer},
  year = {2001},
  author = {H. J. Kushner and Paul Dupuis},
  address = {New York},
  edition = {second}
}

@BOOK{Lakoff80,
  title = {Methaphors We Live By},
  publisher = {University Of Chicago Press},
  year = {1980},
  author = {G. Lakoff and M. Johnson},
  address = {Chicago}
}

@MISC{Large05,
  author = {J. Large},
  title = {Population Risk on Financial Markets},
  year = {2005},
  note = {Presentation at conference The Microstructure of Equity and Currency
	Markets, September 9-10, 2005, Oslo, available at \url{http://www.norges-bank.no/konferanser/2005-09-09/data/Large.pdf}}
}

@ARTICLE{Leroy89,
  author = {S. F. LeRoy},
  title = {Efficient Capital Markets and Martingales},
  journal = {Journal of Economic Literature},
  year = {1989},
  volume = {27},
  pages = {1583-1621},
  number = {4}
}

@ARTICLE{Lo90,
  author = {A. W. Lo and A. C. MacKinlay},
  title = {An Econometric Analysis of Nonsynchronous Trading},
  journal = {Journal of Econometrics},
  year = {1990},
  volume = {45},
  pages = {181-212}
}

@BOOK{loeve,
  title = {Probability Theory},
  publisher = {D. Van Nostrand Company, Inc., Toronto},
  year = {1955},
  author = {M. Loeve}
}

@ARTICLE{DeLong91,
  author = {J. B. De Long and A. Schleifer and L. Summers, R. Waldmann},
  title = {The Survival of Noise Traders in Financial Markets},
  journal = {Journal of Business},
  year = {1991},
  volume = {64},
  pages = {1-19}
}

@ARTICLE{DeLong90,
  author = {J. B. De Long and A. Schleifer and L. Summers, R. Waldmann},
  title = {Noise Trader Risk in Financial Markets},
  journal = {Journal of Political Economy},
  year = {1990},
  volume = {98},
  pages = {703-738}
}

@BOOK{Low90,
  title = {The Kahuna Religion of Hawaii},
  publisher = {Berderland Sciences Research Foundation},
  year = {1990},
  author = {D. Low},
  address = {Garberville, California}
}

@BOOK{Lowenstein00,
  title = {When Genius Failed: The Rise and Fall of Long-Term Capital Management},
  publisher = {Random House},
  year = {2000},
  author = {R. Lowenstein},
  address = {NY, Toronto}
}

@MISC{Ignac,
  author = {In{\'a}c Z Loyoly},
  title = {\'Uvod K Vykon\'an\'\i{} Volby},
  note = {z p\v riru\v cky k jezuitsk\'ym exercici\'\i m}
}

@ARTICLE{Luckock03,
  author = {H. Luckock},
  title = {A Steady-State Model of the Continuous Double Auction},
  journal = {Quantitative Finance},
  year = {2003},
  volume = {3},
  pages = {385-404}
}

@BOOK{Lukes98,
  title = {Notes on Functional Analysis (in Czech)},
  publisher = {Karolinum},
  year = {1998},
  author = {J. Luke{\v s}},
  address = {Prague}
}

@BOOK{LM95,
  title = {Measure and Integral},
  publisher = {Matfyzpress},
  year = {1995},
  author = {J. Luke{\v s} and J. Mal{\'y}},
  address = {Prague}
}

@ARTICLE{Lux96,
  author = {T. Lux},
  title = {The Stable Paretian Hypothesis and the Frequency of Large Returns:An
	Examination of Major German Stocks},
  journal = {Applied Financial Economics},
  year = {1996},
  volume = {6},
  pages = {463-475}
}

@BOOK{Musiela97,
  title = {???},
  publisher = {Springer Verlag},
  year = {1997},
  author = {M. Musiela, M. Rutkowski},
  address = {Berlin}
}

@ARTICLE{Madhavan00,
  author = {A. Madhavan},
  title = {Market Microstructure: A Survey},
  journal = {Journal of Financial Markets},
  year = {2000},
  volume = {3},
  pages = {205-258}
}

@ARTICLE{Morton99,
  author = {W. K. Mak and D. P. Morton and R. K. Wood},
  title = {Monte Carlo Bounding Techniques for Determining Solution Quality
	in Stochastic Programs},
  journal = {Operations Research Letters},
  year = {1999},
  volume = {24},
  pages = {47-56}
}

@ARTICLE{Mandelbrot63,
  author = {B. Mandelbrot},
  title = {The Variaton of Certain Speculative Prices},
  journal = {The Journal of Business},
  year = {1963},
  volume = {36},
  pages = {394-419},
  number = {4}
}

@BOOK{Mandl,
  title = {Pravd\v epodobnostn\'\i{} dynamick\'e modely},
  publisher = {Academia},
  year = {1985},
  author = {Petr Mandl},
  address = {Praha}
}

@ARTICLE{Maslov00,
  author = {S. Maslov},
  title = {Simple Model of a Limit Order Driven Market},
  journal = {Physica A},
  year = {2000},
  volume = {278},
  pages = {571-578}
}

@BOOK{Mccauley04,
  title = {Dynamics of Markets},
  publisher = {Cambridge University Press},
  year = {2004},
  author = {J. L. McCauley},
  address = {Cambridge}
}

@MISC{Mckee97,
  author = {B. McKee},
  title = {Is Objectivity Faith?},
  year = {1997},
  note = {internet publication}
}

@BOOK{Mello97,
  title = {Cesta K L\'asce},
  publisher = {Cesta},
  year = {1997},
  author = {A. de Mello}
}

@MISC{Menkhoff05,
  author = {L. Menkhoff and M. Schmeling},
  title = {Informed Trading in Limit Order Markets: Evidence on Trinary Order
	Choice},
  year = {2005},
  note = {Presentation at conference The Microstructure of Equity and Currency
	Markets, September 9-10, 2005, Oslo, available at \url{http://www.norges-bank.no/konferanser/2005-09-09/data/RUSE-180805.pdf}}
}

@ARTICLE{Merton69,
  author = {R. Merton},
  title = {Lifetime Portfolio Selection under Uncertainty: The Continuous-Time
	Case},
  journal = {Review of Economics and Statistics},
  year = {1969},
  volume = {51}
}

@ARTICLE{Mike08,
  author = {Mike, S. and Farmer, J. D.},
  title = {An empirical behavioral model of liquidity and volatility},
  journal = {Journal of Economic Dynamics \& Control},
  year = {2008},
  volume = {32},
  pages = {200-234},
  number = {1}
}

@MISC{Moinas05,
  author = {S. Moinas},
  title = {Hidden Limit Orders and Liquidity in Limit Order Markets},
  year = {2005},
  note = {Presentation at conference The Microstructure of Equity and Currency
	Markets, September 9-10, 2005, Oslo, available at \url{http://www.norges-bank.no/konferanser/2005-09-09/data/Moinas.pdf}}
}

@INCOLLECTION{Morton01,
  author = {D. Morton and E. Popova},
  title = {Monte Carlo Simulations for Stochastic Optimization},
  booktitle = {Encyclopedia of Optimization},
  publisher = {Kluwer Academic Publishers},
  year = {2001},
  editor = {C.A. Floudas, P.M. Pardalos}
}

@ARTICLE{Tam99,
  author = {N. N. Tam, N. D. Yen},
  title = {Continuity Properties of the Karush-Kuhn-Tucker Point Set in Quadratic
	Programming Problems},
  journal = {Math. Program.},
  year = {1999},
  volume = {85},
  pages = {193-206}
}

@BOOK{Niedereiter92,
  title = {Number Generation and Quasi-Monte Carlo Methods},
  publisher = {SIAM},
  year = {1992},
  author = {H. Niedereiter},
  address = {Philadelphia, PA}
}

@INCOLLECTION{Nielsen97,
  author = {S. S. Nielsen},
  title = {Importance Sampling in Lattice Pricing Models},
  booktitle = {Interfaces in Computer Science and Operations Research: Advances
	In Metaheuristics, Optimization, and Stochastic Modelling Technologies},
  publisher = {Kluwer Academic Publishers},
  year = {1997},
  editor = {Barr, R.S. and Helgason, R.V. and Kennington, J.L.},
  pages = {281-296},
  address = {Norwell, MA}
}

@BOOK{Norkin89,
  title = {{{U}sto\u\i chivost{'}\ stokhasticheskikh optimizatsionnykh modele\u\i\
	i statisticheskie metody stokhasticheskogo programmirovaniya (po
	materialam} {I}{I}{A}{S}{A})},
  publisher = {Akad. Nauk Ukrain. SSR Inst. Kibernet.},
  year = {1989},
  author = {Norkin, V.I.},
  volume = {89},
  pages = {25},
  series = {Preprint},
  address = {Kiev}
}

@ARTICLE{Nowak00,
  author = {M. P. Nowak and W. R{\"o}misch},
  title = {Stochastic Lagrangian Relaxation Applied to Power Scheduling in a
	Hydro-Thermal System under Uncertainty},
  journal = {Annals of Operations Research},
  year = {2000},
  volume = {100},
  pages = {251-272}
}

@BOOK{Ohara95,
  title = {Market Microstructure Theory},
  publisher = {Blackwell Publishers},
  year = {1995},
  author = {M. O'Hara}
}

@BOOK{Oksendal04,
  title = {Look Inside This Book Applied Stochastic Control Of Jump Diffusions},
  publisher = {Springer},
  year = {2004},
  author = {B. Oksendal and A. Sulem},
  address = {NY}
}

@BOOK{Osaki92,
  title = {Applied Stochastic System Modeling},
  publisher = {Springer},
  year = {1992},
  author = {S. Osaki},
  address = {Berlin}
}

@BOOK{Samuelson,
  title = {Economics},
  publisher = {McGraw Hill},
  year = {1989},
  author = {P. A. Samuelson, W. D. Nordhaus},
  address = {New York}
}

@BOOK{Parthasarathy92,
  title = {An Introduction to Quantum Stochastic Calculus},
  publisher = {Birkh\"auser Verlag},
  year = {1992},
  author = {K. R. Parthasarathy},
  address = {Basel, Boston, Berlin}
}

@UNPUBLISHED{Pennanen03,
  author = {T. Pennanen and M. Koivu},
  title = {Epi-Convergent Discretizations of Stochastic Programs Via Integration
	Quadratures},
  note = {Preprint published at http://www.speps.info as article no. 16/2003},
  year = {2003}
}

@ARTICLE{Pflug01,
  author = {G. Ch. Pflug},
  title = {Scenario tree generation for multiperiod financial optimization by
	optimal discretization},
  journal = {Math. Program. ser. B},
  year = {2001},
  volume = {89},
  pages = {251-271},
  number = {2}
}

@ARTICLE{Plerou99,
  author = {V. Plerou and P. Gopikrishnan and L. A. N. Amaral and M. Meyer, and
	H. E. Stanley},
  title = {Scaling of the Distribution of Price Fluctuations of Individual Companies},
  journal = {Phys. Rev. E},
  year = {1999},
  volume = {60},
  pages = {6519-6529},
  note = {Preprint at \url{http://polymer.bu.edu/hes/articles/pgams99.pdf}}
}

@BOOK{Pollard02,
  title = {A User's Guide to Measure Theoretic Probability},
  publisher = {Cambridge Univ. Press},
  year = {2002},
  author = {D. Pollard},
  address = {Cambridge}
}

@book{Pollard84,
  title={Convergence of stochastic processes},
  author={Pollard, D.},
  year={1984},
  publisher={Springer}
}


@ARTICLE{Preston77,
  author = {C. Preston},
  title = {Spatial Birth-and-Death Processes},
  journal = {Bull. Int. Statist. Inst.},
  year = {1977},
  volume = {46},
  pages = {371-391}
}

@BOOK{Protter05,
  title = {Stochastic Integration and Differential Equations},
  publisher = {Springer},
  year = {2005},
  author = {P. E. Protter},
  address = {Berlin},
  edition = {second}
}

@BOOK{Prekopa95,
  title = {Stochastic Programming},
  publisher = {Kluwer and Academiai Kiado},
  year = {1995},
  author = {A. Pr{\'e}kopa},
  address = {Dordrecht and Budapest}
}

@BOOK{Rachev00a,
  title = {Stable Paretian Models in Finance},
  publisher = {J. Wiley and Sons},
  year = {2000},
  author = {S. Rachev and S. Mitnik},
  address = {N. Y.}
}

@BOOK{Rachev91,
  title = {Probability Metrics and the Stability of Stochastic Models},
  publisher = {J. Wiley and Sons},
  year = {1991},
  author = {S. T. Rachev},
  address = {New York}
}

@BOOK{Redfield93,
  title = {The Celestine Prophecy},
  publisher = {Warner Books},
  year = {1993},
  author = {J. Redfield},
  address = {N. Y.}
}

@MISC{Robinson76,
  author = {S. M. Robinson},
  title = {A Characterization of Stability in Linear Programming},
  year = {1976},
  note = {a journal}
}

@MISC{Rossberg00,
  author = {T. Rossberg},
  title = {Stochastic Control of Jump-Diffusion-Processes},
  year = {2000},
  note = {\url{http://www.mathematik.uni-ulm.de/~rossberg/research/uebersicht/node3.html},
	cited 3/2005}
}

@ARTICLE{Roth94,
  author = {A. E. Roth and X. Xing},
  title = {Jumping the Gun: Imperfections and Institutions Related to the Timing
	of Market Transactions},
  journal = {Amer. Econ. Review},
  year = {1994},
  volume = {84},
  pages = {992-1044}
}

@BOOK{rudin,
  title = {Real and Complex Analysis},
  publisher = {McGraw Hill, Inc, New York},
  year = {1974},
  author = {W. Rudin}
}

@BOOK{Rund66,
  title = {The Hamilton-Jacobi Theory in the Calculus of Variations},
  publisher = {Van Nostrad},
  year = {1966},
  author = {H. Rund},
  address = {London}
}

@ARTICLE{Engle05,
  author = {Russell, J. R. and Engle, R. F.},
  title = {A discrete-state continuous-time model of financial transactions
	prices and times: The autoregressive conditional multinomial-autoregressive
	conditional duration model},
  journal = {Journal of Business \& Economic Statistics},
  year = {2005},
  volume = {23},
  pages = {166-180},
  number = {2}
}

@TECHREPORT{Rachev00,
  author = {S. T. Rachev, W. R{\"o}misch},
  title = {Quantitative Stability in Stochastic Programming: The Method of Probability
	Metrics},
  institution = {Humboldt-Universit\"at zu Berlin},
  year = {2000},
  number = {22}
}

@ARTICLE{Samuelson65,
  author = {P. Samuelson},
  title = {Proof That Properly Anticipated Prices Flutuate Randomly},
  journal = {Industrial Management Review},
  year = {1965},
  volume = {6},
  pages = {41-49}
}

@ARTICLE{Samuelson69,
  author = {P. A. Samuelson},
  title = {Lifetime Portfolio Selection by Dynamic Stochastic Programming},
  journal = {Review of Economics \& Statistics.},
  year = {1969},
  volume = {51}
}

@MISC{Scalas05,
  author = {E. Scalas and T. Kaizoji and M. Kirchler and J. Huber and A. Tedeschi},
  title = {Waiting Times Between Orders and Trades in Double-Auction Markets},
  year = {2005},
  note = {A presentation at the WEHIA 2005 workshop, available at \url{http://www.essex.ac.uk/wehia05/Paper/Parallel6/Session2/ScalasE.pdf}}
}

@ARTICLE{Scheicher01,
  author = {M. Scheicher},
  title = {The Comovements of Stock Markets in Hungary, Poland and the Czech
	Republic},
  journal = {International Journal of Finance \& Economics},
  year = {2001},
  volume = {6},
  pages = {27-39},
  number = {1}
}

@BOOK{Schleifer00,
  title = {Inefficient Markets},
  publisher = {Oxford University Press},
  year = {2000},
  author = {A. Schleifer},
  address = {Oxford}
}

@ARTICLE{Shapiro03,
  author = {A. Shapiro},
  title = {Inference of Statistical Bounds for Multistage Stochastic Programming
	Problems},
  journal = {Math. Met. Oper. Res.},
  year = {2003},
  volume = {58},
  pages = {55-68}
}

@ARTICLE{Shapiro02,
  author = {A. Shapiro},
  title = {Statistical Inference of Multistage Stochastic Programming Problems},
  journal = {Optimization Online (www.optimization-online.org)},
  year = {2002}
}

@ARTICLE{Shapiro00,
  author = {A. Shapiro},
  title = {Stochastic Programming by Monte Carlo Simulation Methods},
  journal = {Stochastic Programming E-print series (dochost.rz.hu-berlin.de/speps/)},
  year = {2000}
}

@ARTICLE{Shapiro91,
  author = {A. Shapiro},
  title = {Asymptotic Analysis of Stochastic Programs},
  journal = {Annals of Operations Research},
  year = {1991},
  volume = {30},
  pages = {169-186}
}

@MISC{Shinder,
  author = {D. L. Shinder},
  title = {Verbal Violence: When Words Wound},
  note = {\url{http://www.selfhelpmagazine.com/interactive/vv.html}}
}

@BOOK{Shorak86,
  title = {Empirical Processes with Applications to Statistics},
  publisher = {J. Wiley},
  year = {1986},
  author = {G. R. Shorak and J. A. Wellner},
  address = {New York}
}

@BOOK{Sinai00,
  title = {Dynamical Systems, Ergodic Theory and Applications},
  publisher = {Springer},
  year = {2000},
  author = {Ya. G. Sinai},
  address = {Berlin}
}

@ARTICLE{Slanina01,
  author = {F. Slanina},
  title = {Mean-Field Approximation for a Limit Order Driven Market},
  journal = {Phys. Rev.},
  year = {2001},
  volume = {64},
  pages = {056136},
  note = {Preprint at \url{http://xxx.sissa.it/abs/cond-mat/0104547}}
}

@ARTICLE{Smith03,
  author = {E. Smith and J. D. Farmer and L. Gillemot and S. Krishnamurthy},
  title = {Statistical Theory of the Continuous Double Auction},
  journal = {Quantitative finance},
  year = {2003},
  volume = {3},
  pages = {481-514},
  number = {6}
}

@BOOK{Sochor01,
  title = {Klasick\'a Matematick\'a Logika},
  publisher = {Karolinum},
  year = {2001},
  author = {A. Sochor},
  address = {Praha}
}

@MISC{Farmer05a,
  author = {M. Szabolcs and D. Farmer},
  title = {An Empirical Behavioral Model of Price Formation},
  year = {2005},
  note = {Santa Fe Working Paper no 05-10-039, avalilable at http://www.santafe.edu/research/publications/workingpapers/05-10-039.pdf}
}

@ARTICLE{Wets97,
  author = {Tore W. Jonsbraten, Roger J-B Wets, David L. Woodruff},
  title = {A Class of Stochastic Programs with Decision Dependent Random Elements},
  journal = {unknown}
}

@BOOK{Valisova02,
  title = {Asertivita V Prost\v red\'\i{} Rodiny a \v Skoly},
  publisher = {ISV},
  year = {2002},
  author = {A. Vali{\v s}ov{\'a}},
  address = {Praha}
}

@ARTICLE{Vallander73,
  author = {S. S. Vallander},
  title = {Calculation of the Wasserstein Distance Between Probability Distributions
	on the Line},
  journal = {Theor. Probab. Appl.},
  year = {1973},
  volume = {18},
  pages = {784-786}
}

@BOOK{Lieshout00,
  title = {Markov Point Processes and their Applications},
  publisher = {Imperial College Press.},
  year = {2000},
  author = {Van Lieshout, M. N. M.}
}

@ARTICLE{Vasicek02,
  author = {O. A. Vasicek},
  title = {The distribution of loan portfolio value,},
  journal = {RISK},
  year = {2002},
  volume = {15},
  pages = {160-162}
}

@ARTICLE{Vosvrda04,
  author = {M. Vo{\v s}vrda and F. {\v Z}ike{\v s}},
  title = {An Application of the {GARCH}-T Model on Central European Stock Returns},
  journal = {Prague Economic Papers},
  year = {2004},
  volume = {1},
  pages = {26-39}
}

@ARTICLE{Vosvrda08,
  author = {M. Vo{\v s}vrda and J. Barun{\'\i}k},
  title = {Modelov\'an\'\i{} Krachů Na Kapit\'alov\'ych Trz\'\i ch: Aplikace
	Teorie Stochastick\'ych Katastrof},
  journal = {Politikck\'a ekonomie},
  year = {2008},
  volume = {2008},
  pages = {759-771},
  number = {6}
}

@ARTICLE{Vosvrda02,
  author = {M. Vo{\v s}vrda and L. V{\'a}cha},
  title = {Heterogenous Agents Model and Numerical Analysis of Learning},
  journal = {Bulletin of the Czech Econometric Society},
  year = {2002},
  volume = {17},
  pages = {15-22}
}

@ARTICLE{Vacha07AE,
  author = {L. V{\'a}cha},
  title = {Fractal Properties of the Financial Market},
  journal = {Acta Oeconomica Pragensia},
  year = {2007},
  volume = {4},
  pages = {49-55}
}

@ARTICLE{Vacha07c,
  author = {L. V{\'a}cha},
  title = {Fractal Properties of the Financial Market},
  journal = {Acta Oeconomica Pragensia},
  year = {2007},
  volume = {4},
  pages = {49-55}
}

@INPROCEEDINGS{Vacha08,
  author = {L. V{\'a}cha and J. Barun{\'\i}k},
  title = {Wavelet Neural Networks Prediction of Central European Stock Markets},
  booktitle = {Quantitative Methods in Economics: Multiple Criteria Decision Making
	{XIV} (Tatransk\'a Lomnica, {SK}, 5.7.2008-7.7.2008)},
  year = {2008},
  editor = {Reiff, Sladk{\'y}}
}

@MISC{Vacha09,
  author = {L. V{\'a}cha and J. Barun{\'\i}k and M. Vo{\v s}vrda},
  title = {Sentiment Patterns in the Heterogeneous Agent Model},
  year = {2009},
  note = {Prague Economic Papers - forthcomming}
}

@ARTICLE{Vacha07,
  author = {L. V{\'a}cha and M. Vo{\v s}vrda},
  title = {Wavelet Decomposition of the Financial Market},
  journal = {Prague Economic Papers},
  year = {2007},
  volume = {16},
  pages = {38-54},
  number = {1}
}

@MISC{Vacha07a,
  author = {L. V{\'a}cha and M. Vo{\v s}vrda},
  title = {Wavelet Estimation in the Heterogenous Agents Model},
  year = {2007},
  note = {submitted to ERCIM}
}

@MISC{Vacha07b,
  author = {L. V{\'a}cha and M. Vo{\v s}vrda},
  title = {Sentiment Modelling on the Financial Markets},
  year = {2007},
  note = {conference contribution QMF Sydney 2007 - published electronically}
}

@INPROCEEDINGS{Vacha07d,
  author = {L. V{\'a}cha and M. Vo{\v s}vrda},
  title = {Moods Modelling on the Financial Markets},
  booktitle = {Proceedings of the Mathematical Methods in Economics, Mathematical
	Methods in Economics, (Ostrava, {CZ}, 04.09.2007-06.09.2007)},
  year = {2007},
  publisher = {TU Ostrava}
}

@MISC{Vacha06,
  author = {L. V{\'a}cha and M. Vo{\v s}vrda},
  title = {An Energy Decomposition of the Financial Market},
  year = {2006},
  note = {In: Prague Economic Papers (accepted)}
}

@MISC{Vacha06a,
  author = {L. V{\'a}cha and M. Vo{\v s}vrda},
  title = {An Energy Decomposition of the Financial Market},
  year = {2006},
  note = {Research report of UTIA AS CR No. 2171}
}

@ARTICLE{Wald05,
  author = {J. Wald and H. Horrigan},
  title = {Optimal Limit Order Choice},
  journal = {The Journal of Business},
  year = {2005},
  volume = {78},
  pages = {597-619},
  number = {2}
}

@BOOK{Watzlawick67,
  title = {Pragmatics of Human Communication},
  publisher = {W. W. Norton \& co.},
  year = {1967},
  author = {P. Watzlawick and J. B. Vavels and D. D. Jackson},
  address = {N.Y., London}
}

@BOOK{WelschAll,
  title = {Hovory S Bohem I.-{III}.},
  publisher = {Pragma},
  year = {1997-9},
  author = {N. D. Welsch},
  address = {Praha}
}

@ARTICLE{Wets79,
  author = {R. J.-B. Wets},
  title = {A Statistical Approach to the Solution of Stochastic Programs with
	(Convex) Simple Recourse},
  journal = {Research report, Univ. Kentucky},
  year = {1979}
}

@ARTICLE{Wichura71,
  author = {M. J. Wichura},
  title = {A Note on the Weak Convergence of Stochastic Processes},
  journal = {Ann. Math. Stat},
  year = {1971},
  volume = {42},
  pages = {1769-1772},
  number = {5}
}

@ARTICLE{Wyart08,
  author = {M. Wyart and J. P. Bouchaud and J. Kockelkoren and M. Potters and
	M. Vettorazzo},
  title = {Relation Between Bid-Ask Spread, Impact and Volatility in Order-Driven
	Markets},
  journal = {Quantitative Finance},
  year = {2008},
  volume = {8},
  pages = {41-57},
  number = {1}
}

@ARTICLE{Young96,
  author = {H. Peyton Young},
  title = {The Economics of Convention},
  journal = {Journal of Economic Perspectives},
  year = {1996},
  volume = {10},
  pages = {105-122}
}

@ARTICLE{Zovko02,
  author = {Zovko, I. and J.D. Farmer},
  title = {The Power of Patience: A Behavioral Regularity in Limit Order Placement},
  journal = {Quantitative Finance},
  year = {2002},
  volume = {2},
  pages = {387-392},
  number = {5},
  note = {Preprint at \url{http://www.santafe.edu/~baes/jdf/papers/powerpatience.pdf}}
}

@BOOK{Ruszczynski03,
  title = {Stochastic Programming},
  publisher = {Elsevier},
  year = {2003},
  editor = {A. Ruszczy{\' n}ski and A. Shapiro},
  address = {Amsterodam}
}

@BOOK{RS03,
  title = {Stochastic Pragramming},
  publisher = {Elsevier},
  year = {2003},
  editor = {A. Ruszczyński and A. Shapiro},
  volume = {10},
  series = {Handbooks in Operations Research and Management Science},
  address = {Amsterodam}
}

@MISC{IT,
  title = {Information Theory - Overview of the Course}
}

@MISC{Wikipedia,
  note = {An open on-line encyclopedy, \url{http://www.wikipedia.org}},
  key = {Wikipedia}
}

@MISC{05,
  year = {2005},
  note = {Presentation at conference The Microstructure of Equity and Currency
	Markets, September 9-10, 2005, Oslo, available at \url{}}
}


@BOOK{Rubinstein07,
  title = {Simulation and the Monte Carlo Method},
  publisher = {John Wiley \& Sons},
  year = {2007},
  author = {R. Y. Rubinstein and D. P. Kroese}
}

@incollection{Shapiro03a,
author = "A. Shapiro",
title = "Monte Carlo Sampling Methods",
editor = "A. Ruszczynski and A. Shapiro",
booktitle = "Stochastic Programming",
publisher = "Elsevier",
year = "2003",
volume = "10",
pages = "353 - 425",
series = "Handbooks in Operations Research and Management Science",
issn = "0927-0507",
doi = "10.1016/S0927-0507(03)10006-0"
}

@article{Stigler64,
  title={Public regulation of the securities markets},
  author={Stigler, G.J.},
  journal={Journal of Business},
  pages={117--142},
  year={1964},
  publisher={JSTOR}
}

@article{BPS97,
  title={Price variations in a stock market with many agents},
  author={Bak, P. and Paczuski, M. and Shubik, M.},
  journal={Physica A: Statistical Mechanics and its Applications},
  volume={246},
  number={3},
  pages={430--453},
  year={1997},
  publisher={Elsevier}
}

@article{Slanina08,
  title={Critical comparison of several order-book models for stock-market fluctuations},
  author={Slanina, F.},
  journal={The European Physical Journal B-Condensed Matter and Complex Systems},
  volume={61},
  number={2},
  pages={225--240},
  year={2008},
  publisher={Springer}
}

@article{Cont11,
  title={Statistical modeling of high-frequency financial data},
  author={Cont, R.},
  journal={Signal Processing Magazine, IEEE},
  volume={28},
  number={5},
  pages={16--25},
  year={2011},
  publisher={IEEE}
}

@article{Jacob10,
  title={Conditional least squares estimation in nonstationary nonlinear stochastic regression models},
  author={Jacob, C.},
  journal={The Annals of Statistics},
  volume={38},
  number={1},
  pages={566--597},
  year={2010},
  publisher={Institute of Mathematical Statistics},
  doi = {10.1214/09-aos733},
  url = {https://doi.org/10.1214%2F09-aos733}
}

@book{Weiss06,
  title={A course in probability},
  author={Weiss, N.A. and Holmes, P.T. and Hardy, M.},
  year={2006},
  publisher={Pearson Addison Wesley}
}

@book{Attouch84,
  title={Variational convergence for functions and operators},
  author={Attouch, H.},
  year={1984},
  publisher={Pitman Advanced Pub. Program}
}

@book{Rockafellar11,
  title={Variational analysis},
  author={Rockafellar, R.T. and Wets, R.J.B.},
  volume={317},
  year={2011},
  publisher={Springer}
}

@article{bradley05,
  title={Basic properties of strong mixing conditions. A survey and some open questions},
  author={Bradley, Richard C},
  journal={Probability surveys},
  volume={2},
  number={107-44},
  pages={37},
  year={2005},
  publisher={IMS and ISI/Bernoulli Society}
}

@article{Smid13,
  title={Zero Intelligence Models of the Continuous Double Auction: Empirical Evidence and Generalization},
  author={{\v{S}}m{\'\i}d, Martin},
  journal={arXiv preprint arXiv:1303.6765},
  year={2013}
}

@MISC{SmidKopa12,
  author = {{\v S}m{\'\i}d, Martin and Kopa, Milo\v s},
  title = {A causal model of price and volume on market with a market maker},
  year = {2012},
  note = {Research report of UTIA AS CR No. 2328}
}

@book{Eaton07,
  title={Multivariate Statistics - a Vector Space Approach},
  author={Eaton, Morris L.},
  year={2007},
  volume={53},
  publisher={Institute of Mathematical Statistics, Ohio, USA}
}

@article{Dionne2013,
  title={Risk Management: History, Definition, and Critique},
  author={Dionne, Georges},
  journal={Risk Management and Insurance Review},
  volume={16},
  number={2},
  pages={147--166},
  year={2013},
  publisher={Wiley Online Library}
}

@article{Merton1974,
  title={On the pricing of corporate debt: The risk structure of interest rates*},
  author={Merton, Robert C},
  journal={The Journal of Finance},
  volume={29},
  number={2},
  pages={449--470},
  year={1974},
  publisher={Wiley Online Library},
  doi = {10.1111/j.1540-6261.1974.tb03058.x},
  url = {https://doi.org/10.1111%2Fj.1540-6261.1974.tb03058.x}
}

@article{Morgan1997,
  title={Creditmetrics-technical document},
  author={Morgan, JP},
  journal={JP Morgan, New York},
  year={1997}
}

@article{Calem2004,
  title={Risk-based capital requirements for mortgage loans},
  author={Calem, Paul S and LaCour-Little, Michael},
  journal={Journal of Banking \& Finance},
  volume={28},
  number={3},
  pages={647--672},
  year={2004},
  publisher={Elsevier}
}

@article{Crouhy2000,
  title={A comparative analysis of current credit risk models},
  author={Crouhy, Michel and Galai, Dan and Mark, Robert},
  journal={Journal of Banking \& Finance},
  volume={24},
  number={1},
  pages={59--117},
  year={2000},
  publisher={Elsevier}
}

@article{Kau1992,
  title={A generalized valuation model for fixed-rate residential mortgages},
  author={Kau, James B and Keenan, Donald C and Muller, Walter J and Epperson, James F},
  journal={Journal of Money, Credit and Banking},
  pages={279--299},
  year={1992},
  publisher={JSTOR}
}

@techreport{Pliska2006,
  title={Optimal mortgage refinancing with endogenous mortgage rates: An intensity based equilibrium approach},
  author={Pliska, Stanley R},
  year={2006},
  institution={Citeseer}
}

@book{Zhang2010,
  title={Local Housing Market Cycle and Loss Given Default: Evidence from Sub-Prime Residential Mortgages},
  author={Zhang, Yanan and Chi, Lu and Liu, Fei and Ji, Lu},
  year={2010},
  publisher={International Monetary Fund}
}

@article{Qi2009,
  title={Loss given default of high loan-to-value residential mortgages},
  author={Qi, Min and Yang, Xiaolong},
  journal={Journal of Banking \& Finance},
  volume={33},
  number={5},
  pages={788--799},
  year={2009},
  publisher={Elsevier}
}

@article{Gorovoy2007,
  title={Intensity-Based Valuation of Residential Mortgages: An Analytically Tractable Model},
  author={Gorovoy, Vyacheslav and Linetsky, Vadim},
  journal={Mathematical Finance},
  volume={17},
  number={4},
  pages={541--573},
  year={2007}
}

@article{Park2014,
  title={Loss given default of residential mortgages in a low LTV regime: Role of foreclosure auction process and housing market cycles},
  author={Park, Yun W and Bang, Doo Won},
  journal={Journal of Banking \& Finance},
  volume={39},
  pages={192--210},
  year={2014},
  publisher={Elsevier}
}

@article{Kau1995,
  title={The valuation at origination of fixed-rate mortgages with default and prepayment},
  author={Kau, James B and Keenan, Donald C and Muller III, Walter J and Epperson, James F},
  journal={The Journal of Real Estate Finance and Economics},
  volume={11},
  number={1},
  pages={5--36},
  year={1995},
  publisher={Springer}
}

@article{Kau2004,
  title={Reduced-form mortgage valuation},
  author={Kau, James B and Keenan, Donald C and Smurov, Alexey A},
  journal={University of Georgia, Georgia},
  year={2004}
}

@article{Kau2011,
  title={Leverage and mortgage foreclosures},
  author={Kau, James B and Keenan, Donald C and Smurov, Alexey A},
  journal={The Journal of Real Estate Finance and Economics},
  volume={42},
  number={4},
  pages={393--415},
  year={2011},
  publisher={Springer}
}

@article{Chen2009,
  title={The value of mortgage prepayment and default options},
  author={Chen, Y., Connolly, M., Tang, W., and Su, T.},
  journal={Journal of Futures Markets},
  volume={29},
  number={9},
  pages={840--861},
  year={2009}
}

@article{Betancourt1999,
  title={Using Markov chains to estimate losses from a portfolio of mortgages},
  author={Betancourt, Luis},
  journal={Review of Quantitative Finance and Accounting},
  volume={12},
  number={3},
  pages={303--318},
  year={1999},
  publisher={Springer}
}

@article{Grimshaw2011,
  title={Markov chain models for delinquency: Transition matrix estimation and forecasting},
  author={Grimshaw, Scott D and Alexander, William P},
  journal={Applied Stochastic Models in Business and Industry},
  volume={27},
  number={3},
  pages={267--279},
  year={2011},
  publisher={Wiley Online Library}
}

@article{Neuenschwander2013,
  title={Loan Characteristics, Borrower Characteristics, or Housing Price Declines: What Drives Mortgage Defaults?},
  author={Neuenschwander, Chris and Proffitt, Dennis},
  year={2013}
}

@article{Corgel1987,
  title={Local Economic Base, Geographic Diversification, and Risk Management of Mortgage Portfolios},
  author={Corgel, John B and Gay, Gerald D},
  journal={Real Estate Economics},
  volume={15},
  number={3},
  pages={256--267},
  year={1987},
  publisher={Wiley Online Library}
}

@techreport{Case1995,
  title={Mortgage default risk and real estate prices: the use of index-based futures and options in real estate},
  author={Case, Karl E and Shiller, Robert J and Weiss, Allan N},
  year={1995},
  institution={National Bureau of Economic Research}
}

@article{Cho2012,
  title={The Optimal Mortgage Loan Portfolio in UK Regional Residential Real Estate},
  author={Cho, Youngha and Hwang, Soosung and Satchell, Steve},
  journal={The Journal of Real Estate Finance and Economics},
  volume={45},
  number={3},
  pages={645--677},
  year={2012},
  publisher={Springer}
}

@article{Das2007,
  title={Basel II: correlation related issues},
  author={Das, Sanjiv R},
  journal={Journal of Financial Services Research},
  volume={32},
  number={1-2},
  pages={17--38},
  year={2007},
  publisher={Springer}
}

@article{Qi2013,
  title={Mortgage Credit Risk},
  author={Qi, Min},
  journal={Credit Securitizations and Derivatives: Challenges for the Global Markets},
  pages={33--52},
  year={2013},
  publisher={Wiley Online Library}
}

@misc{Freeman2001,
  title={Method for mortgage and closed end loan portfolio management},
  author={Freeman, Charles J and Xue, Xingxiong},
  year={2001},
  month=jun # "~19",
  publisher={Google Patents},
  note={US Patent 6,249,775}
}



@misc{Gapko2013,
  title={Dynamic Model of Losses of a Creditor with a Large Mortgage Portfolio},
  author={Gapko, Petr and {\v S}m{\'\i}d, Martin and Vo{\v r}{\'\i}{\v s}ek, Jan},
  year={2013},
  note={Preprint, available at SSRN: http://ssrn.com/abstract=2298828}
}

@article{Frye2000,
  title={Collateral damage: A source of systematic credit risk},
  author={Frye, Jon and others},
  journal={Risk},
  volume={13},
  number={4},
  pages={91--94},
  year={2000}
}

@INPROCEEDINGS{Dufek13,
  title={Non-linear Multi-factor Model},
  author={Dufek, Jaroslav},
  year = {2013},
  pages = {102--106},
  address = {Praha},
  publisher = {MATFYZPRESS}
}

@article{huang2012,
  title={Optimal Market-Making with Risk Aversion},
  author={Huang, Kan and Simchi-Levi, David and Song, Miao},
  journal={Operations Research},
  volume={60},
  number={3},
  pages={541--565},
  year={2012},
  publisher={INFORMS}
}



@article{avellaneda2008,
  title={High-frequency trading in a limit order book},
  author={Avellaneda, Marco and Stoikov, Sasha},
  journal={Quantitative Finance},
  volume={8},
  number={3},
  pages={217--224},
  year={2008},
  publisher={Taylor \& Francis}
}

@article{ho1981,
  title={Optimal dealer pricing under transactions and return uncertainty},
  author={Ho, Thomas and Stoll, Hans R},
  journal={Journal of Financial economics},
  volume={9},
  number={1},
  pages={47--73},
  year={1981},
  publisher={Elsevier}
}

@article{Parlour2008,
  title={Limit order markets: A survey},
  author={Parlour, Christine A and Seppi, Duane J},
  journal={Handbook of financial intermediation and banking},
  volume={5},
  year={2008},
  publisher={Elsevier Amsterdam}
}

@article{Fodra2012,
  title={High-frequency market-making with inventory constraints and directional bets},
  author={Fodra, Pietro and Labadie, Mauricio},
  journal={arXiv preprint arXiv:1206.4810},
  year={2012}
}

@article{Gueant2013,
  title={Dealing with the inventory risk: a solution to the market making problem},
  author={Gu{\'e}ant, Olivier and Lehalle, Charles-Albert and Fernandez-Tapia, Joaquin},
  journal={Mathematics and financial economics},
  volume={7},
  number={4},
  pages={477--507},
  year={2013},
  publisher={Springer}
}



@article{Stoll2003,
  title={Market microstructure},
  author={Stoll, Hans R},
  journal={Handbook of the Economics of Finance},
  volume={1},
  pages={553--604},
  year={2003},
  publisher={Elsevier}
}

@BOOK{Shiryayev84,
  title = {Probability},
  publisher = {Springer},
  year = {1984},
  author = {Shiryayev, A N},
  address = {New York}
}

@article{Parlour08,
  title={Limit order markets: A survey},
  author={Parlour, Christine A and Seppi, Duane J},
  journal={Handbook of financial intermediation and banking},
  volume={5},
  pages={63--95},
  year={2008},
  publisher={Elsevier Amsterdam}
}

@article{Gode93,
  title={Allocative efficiency of markets with zero-intelligence traders: Market as a partial substitute for individual rationality},
  author={Gode, Dhananjay K and Sunder, Shyam},
  journal={Journal of political economy},
  pages={119--137},
  year={1993},
  publisher={JSTOR}
}

@article{Gould13,
  title={Limit order books},
  author={Gould, Martin D and Porter, Mason A and Williams, Stacy and McDonald, Mark and Fenn, Daniel J and Howison, Sam D},
  journal={Quantitative Finance},
  volume={13},
  number={11},
  pages={1709--1742},
  year={2013},
  publisher={Taylor \& Francis}
}

@article{Challet01,
  title={Analyzing and modeling 1+ 1< i> d</i> markets},
  author={Challet, Damien and Stinchcombe, Robin},
  journal={Physica A: Statistical Mechanics and its Applications},
  volume={300},
  number={1},
  pages={285--299},
  year={2001},
  publisher={Elsevier}
}

@article{Johnson12,
  title={The NLopt nonlinear-optimization package (Version 2.3)},
  author={Johnson, Steven G},
  journal={URL http://ab-initio. mit. edu/nlopt},
  year={2012}
}

@article{mcdonald1980poisson,
  title={On the Poisson approximation to the multinomial distribution},
  author={McDonald, David R},
  journal={Canadian Journal of Statistics},
  volume={8},
  number={1},
  pages={115--118},
  year={1980},
  publisher={Wiley Online Library}
}

@book{slanina2013essentials,
  title={Essentials of Econophysics Modelling},
  author={Slanina, Frantisek},
  year={2013},
  publisher={Oxford University Press}
}

@article{huang1997components,
  title={The components of the bid-ask spread: A general approach},
  author={Huang, Roger D and Stoll, Hans R},
  journal={Review of Financial Studies},
  volume={10},
  number={4},
  pages={995--1034},
  year={1997},
  publisher={Soc Financial Studies}
}

@article{kyle1985continuous,
  title={Continuous auctions and insider trading},
  author={Kyle, Albert S},
  journal={Econometrica: Journal of the Econometric Society},
  pages={1315--1335},
  year={1985},
  publisher={JSTOR}
}

@article{glosten1985bid,
  title={Bid, ask and transaction prices in a specialist market with heterogeneously informed traders},
  author={Glosten, Lawrence R and Milgrom, Paul R},
  journal={Journal of financial economics},
  volume={14},
  number={1},
  pages={71--100},
  year={1985},
  publisher={Elsevier}
}

@article{stoll1978supply,
  title={The supply of dealer services in securities markets},
  author={Stoll, Hans R},
  journal={The Journal of Finance},
  volume={33},
  number={4},
  pages={1133--1151},
  year={1978},
  publisher={Wiley Online Library}
}

@article{mandjes2011m,
  title={M/{G}/$\infty$ transience, and its applications to overload detection},
  author={Mandjes, Michel and Zuraniewski, Piotr},
  journal={Performance Evaluation},
  volume={68},
  number={6},
  pages={507--527},
  year={2011},
  publisher={Elsevier}
}

@book{cornfeld1982,
  title={Ergodic theory},
  author={Cornfeld, Isaac P and Fomin, Sergej V and Sinai, Ya G},
  year={1982},
  address={New York},
  publisher={Springer}
}

@article{crowder1976,
  title={Maximum likelihood estimation for dependent observations},
  author={Crowder, Martin J},
  journal={Journal of the Royal Statistical Society. Series B (Methodological)},
  pages={45--53},
  year={1976},
  publisher={JSTOR}
}

@article{chakraborti2011econophysicsi,
  title={Econophysics review: I. Empirical facts},
  author={Chakraborti, Anirban and Toke, Ioane Muni and Patriarca, Marco and Abergel, Fr{\'e}d{\'e}ric},
  journal={Quantitative Finance},
  volume={11},
  number={7},
  pages={991--1012},
  year={2011},
  publisher={Taylor \& Francis}
}

@article{chakraborti2011econophysicsii,
  title={Econophysics review: II. Agent-based models},
  author={Chakraborti, Anirban and Toke, Ioane Muni and Patriarca, Marco and Abergel, Fr{\'e}d{\'e}ric},
  journal={Quantitative Finance},
  volume={11},
  number={7},
  pages={1013--1041},
  year={2011},
  publisher={Taylor \& Francis}
}


@book{abergel2011econophysics,
  title={Econophysics of order-driven markets},
  author={Abergel, Fr{\'e}d{\'e}ric and Chakrabarti, Bikas K and Chakraborti, Anirban and Mitra, Manipushpak},
  year={2011},
  publisher={Springer Science \& Business Media}
}


@article{montgomery1972markets,
  title={Markets in licenses and efficient pollution control programs},
  author={Montgomery, W David},
  journal={Journal of economic theory},
  volume={5},
  number={3},
  pages={395--418},
  year={1972},
  publisher={Elsevier}
}

@article{zapletal2014meanrisk,
  title={Mean-Risk Optimal Decision of a Steel Company Under Emission Contro},
  author={Zapletal, Frantisek and  {\v S}m{\'\i}d, Martin},
  year={2014},
  note={submited},
  journal={Available at SSRN: \url{http://ssrn.com/abstract=2583751}}
}

@book{ellerman2008european,
  title={The European Union's emissions trading system in perspective},
  author={Ellerman, A Denny and Joskow, Paul L},
  year={2008},
  publisher={Pew Center on Global Climate Change Arlington, VA}
}

@article{hidalgo2005technological,
  title={Technological prospects and CO 2 emission trading analyses in the iron and steel industry: a global model},
  author={Hidalgo, Ignacio and Szabo, Laszlo and Ciscar, Juan Carlos and Soria, Antonio},
  journal={Energy},
  volume={30},
  number={5},
  pages={583--610},
  year={2005},
  publisher={Elsevier}
}

@article{riccardi2015steel,
  title={The steel industry: A mathematical model under environmental regulations},
  author={Riccardi, R and Bonenti, F and Allevi, E and Avanzi, C and Gnudi, A},
  journal={European Journal of Operational Research},
  volume={242},
  number={3},
  pages={1017--1027},
  year={2015},
  publisher={Elsevier}
}

@article{xu2014carbon,
  title={Carbon emission permit price volatility reduction through financial options},
  author={Xu, Li and Deng, Shi-Jie and Thomas, Valerie M},
  journal={Energy Economics},
  year={2014},
  publisher={Elsevier}
}

@article{markowitz1952portfolio,
  title={Portfolio selection},
  author={Markowitz, Harry},
  journal={The journal of finance},
  volume={7},
  number={1},
  pages={77--91},
  year={1952},
  publisher={Wiley Online Library}
}


@article{raskin1986interpretations,
  title={Interpretations and transformations of scale for the Pratt-Arrow absolute risk aversion coefficient: Implications for generalized stochastic dominance},
  author={Raskin, Rob and Cochran, Mark J},
  journal={Western Journal of Agricultural Economics},
  pages={204--210},
  year={1986},
  publisher={JSTOR}
}

@article{rong2007co,
  title={CO< sub> 2</sub> emissions trading planning in combined heat and power production via multi-period stochastic optimization},
  author={Rong, Aiying and Lahdelma, Risto},
  journal={European Journal of Operational Research},
  volume={176},
  number={3},
  pages={1874--1895},
  year={2007},
  publisher={Elsevier}
}


@inproceedings{tang2013optimization,
  title={Optimization of Enterprise Production Based on Carbon Emissions Credits Trading},
  author={Tang, Honglei and Song, Guofang},
  booktitle={Proceedings of the 2nd International Conference on Green Communications and Networks 2012 (GCN 2012): Volume 5},
  pages={325--330},
  year={2013},
  organization={Springer}
}

@article{letmathe2005environmental,
  title={Environmental considerations on the optimal product mix},
  author={Letmathe, Peter and Balakrishnan, Nagraj},
  journal={European Journal of Operational Research},
  volume={167},
  number={2},
  pages={398--412},
  year={2005},
  publisher={Elsevier}
}

@article{mansini2014twenty,
  title={Twenty years of linear programming based portfolio optimization},
  author={Mansini, Renata and Ogryczak, Wlodzimierz and Speranza, M Grazia},
  journal={European Journal of Operational Research},
  volume={234},
  number={2},
  pages={518--535},
  year={2014},
  publisher={Elsevier}
}

@article{zapletal2014mean,
  title={Mean-risk Model Optimizng the Heavy Industrial Company's Profit with Respect to Environmental Aspects},
  author={Zapletal, Frantisek},
  journal={Proceedings: 32nd International Conference on Mathematical Methods in Economics Conference in Olomouc},
  year={2014},
  publisher={Palackeho University, Olomouc}
}

@book{taha2007operations,
  title={Operations research: an introduction},
  author={Taha, Hamdy A},
  year={2007},
  publisher={Pearson/Prentice Hall}
}

@book{prekopa1995stochastic,
  title={Stochastic programming},
  author={Pr{\'e}kopa, Andr{\'a}s},
  year={1995},
  publisher={Springer}
}

@article{union2009directive,
  title={Directive 2009/29/EC of the European Parliament and of the Council of 23 April 2009 amending Directive 2003/87/EC so as to improve and extend the greenhouse gas emission allowance trading scheme of the Community},
  author={Union, European},
  journal={Journal of the European Union},
  volume={5},
  pages={2009},
  year={2009}
}


@article{eu2003directive,
  title={Directive 2003/87/EC of the European Parliament and of the Council of 13 October 2003 establishing a scheme for greenhouse gas emission allowance trading within the Community and amending Council Directive 96/61/EC},
  author={EU Commission and others},
  journal={Union, European},
  volume={46},
  pages={32--46},
  year={2003}
}


@article{artzner1999coherent,
  title={Coherent measures of risk},
  author={Artzner, Philippe and Delbaen, Freddy and Eber, Jean-Marc and Heath, David},
  journal={Mathematical finance},
  volume={9},
  number={3},
  pages={203--228},
  year={1999},
  publisher={Wiley Online Library},

}

@article{kalayci2014multi,
  title={A multi-period stochastic portfolio optimization model applied for an airline company in the EU ETS},
  author={Kalayci, E and Gaygisiz, E and Weber, G-W},
  journal={Optimization},
  volume={63},
  number={12},
  pages={1817--1835},
  year={2014},
  publisher={Taylor \& Francis}
}

@article{tabucanon1991production,
  title={Production planning and scheduling for an iron and steel production system},
  author={Tabucanon, Mario T and Sasiwong, Boonrat},
  journal={Applied mathematical modelling},
  volume={15},
  number={3},
  pages={164--168},
  year={1991},
  publisher={Elsevier}
}

@article{kozmik2014evaluating,
  title={Evaluating policies in risk-averse multi-stage stochastic programming},
  author={Kozm{\'\i}k, V{\'a}clav and Morton, David P},
  journal={Mathematical Programming},
  volume={152},
  pages={275--300},
  year={2015},
  publisher={Springer}
}}

@misc{neuhoff2012banking,
  title={Banking of surplus emissions allowances: Does the volume matter?},
  author={Neuhoff, Karsten and Schopp, Anne and Boyd, Rodney and Stelmakh, Kateryna and Vasa, Alexander},
  year={2012},
  publisher={DIW Berlin Discussion Paper}
}

@article{dupavcova2012robustness,
  title={Robustness in stochastic programs with risk constraints},
  author={Dupa{\v{c}}ov{\'a}, Jitka and Kopa, Milo{\v{s}}},
  journal={Annals of Operations Research},
  volume={200},
  number={1},
  pages={55--74},
  year={2012},
  publisher={Springer}
}

@techreport{bertrand2013modeling,
  title={Modeling of emission allowance markets: a literature review},
  author={Bertrand, Vincent},
  institution={Climate Economics Chair},
  note={Working Paper 2013-04},
  year={2013}
}

@article{wagner2009futures,
  title={Futures price dynamics of CO2 emission certificates-An empirical analysis},
  author={Wagner, Michael Wolfgang and Uhrig-Homburg, Marliese},
  journal={Journal of Derivatives},
  volume={17},
  number={2},
  pages={73--88},
  year={2009}
}

@article{fudenberg1991game,
  title={Game theory. 1991},
  author={Fudenberg, Drew and Tirole, Jean},
  journal={Cambridge, Massachusetts},
  volume={393},
  year={1991}
}

@book{luderer2006mathematical,
  title={Mathematical Formulas for Economists},
  author={Luderer, Bernd and others},
  year={2007},
  publisher={Springer Science \& Business Media},
  edition = {third},
  doi = {10.1007/978-3-540-46902-5},
  url = {https://doi.org/10.1007%2F978-3-540-46902-5}
}

@inproceedings{kopa2011comparison,
  title={Comparison of various approaches to portfolio efficiency},
  author={Kopa, Milo{\v{s}}},
  booktitle={Proceedings of the 29th International Conference on Mathematical Methods in Economics},
  pages={64--69},
  year={2011}
}

@article{levy2004prospect,
  title={Prospect theory and mean-variance analysis},
  author={Levy, Haim and Levy, Moshe},
  journal={Review of Financial Studies},
  volume={17},
  number={4},
  pages={1015--1041},
  year={2004},
  publisher={Soc Financial Studies}
}

@article{cottrell2011gretl,
  title={Gretl user's guide},
  author={Cottrell, Allin and Lucchetti, Jack},
  year={2011}
}


@article{pykhtin2003recovery,
  title={Recovery rates: Unexpected recovery risk},
  author={Pykhtin, Michael},
  journal={RISK},
  volume={16},
  number={8},
  pages={74--79},
  year={2003},
  publisher={RISK MAGAZINE LIMITED}
}

@book{gupton1997creditmetrics,
  title={CreditMetrics: technical document},
  author={Gupton, Gred M and Finger, Christopher Clemens and Bhatia, Mickey},
  year={1997},
  publisher={JP Morgan \& Co.}
}

@article{gordy2003risk,
  title={A risk-factor model foundation for ratings-based bank capital rules},
  author={Gordy, Michael B},
  journal={Journal of financial intermediation},
  volume={12},
  number={3},
  pages={199--232},
  year={2003},
  publisher={Elsevier},
  doi={10.1016/S1042-9573(03)00040-8}
}

@article{pesaran2006macroeconomic,
  title={Macroeconomic Dynamics and Credit Risk: A Global Perspective},
  author={Pesaran, M Hashem and others},
  journal={Journal of Money, Credit and Banking},
  volume={38},
  number={5},
  pages={1211--1261},
  year={2006},
  publisher={Blackwell Publishing},
  doi = {10.1353/mcb.2006.0074},
  url = {https://doi.org/10.1353%2Fmcb.2006.0074}
}

@techreport{hochguertel2011wealth,
  title={Wealth mobility and dynamics over entire individual working life cycles},
  author={Hochguertel, Stefan and Ohlsson, Henry},
  year={2011},
  institution={ECB Working Paper}
}

@article{moffitt2002trends,
  title={Trends in the transitory variance of earnings in the United States},
  author={Moffitt, Robert A and Gottschalk, Peter},
  journal={The Economic Journal},
  volume={112},
  number={478},
  pages={C68--C73},
  year={2002},
  publisher={Wiley Online Library},
  doi = {10.1111/1468-0297.00025},
  url = {https://doi.org/10.1111%2F1468-0297.00025}
}

@article{campbell1983determinants,
  title={The determinants of default on insured conventional residential mortgage loans},
  author={Campbell, Tim S and Dietrich, J Kimball},
  journal={The Journal of Finance},
  volume={38},
  number={5},
  pages={1569--1581},
  year={1983},
  publisher={Wiley Online Library},
  doi={10.1111/j.1540-6261.1983.tb03841.x}
}

@MISC{Smid15,
  author = {{\v S}m{\'\i}d, Martin and Dufek, Jaroslav},
  title = {Multiperiod Factor Model of a Loan Portfolio},
  year = {2015},
  pages = {1274--1278},
  note = {Available at \url{http://ssrn.com}}
}

@inproceedings{Smid15b,
  author = {{\v S}m{\'\i}d, Martin},
  title = {Model of Risk and Losses of a Multigeneration Mortgage Portfolio},
  booktitle={Financial Management of Firms and Financial Institutions, 10th International Scientific Conference Financial management of firms and financial institutions,(Ostrava, CZ, 7.-8. 9.2015)},
  year={2015},
  note = {Preprint. Available at \url{http://ssrn.com}}
}

@inproceedings{Smid2013determinants,
  title={Determinants of Stocks' Choice in Portfolio Competitions},
  author={ {\v{S}}m{\'\i}d, Martin, and Kub{\v{e}}na, Anton{\'\i}n  Ale{\v{s}}},
  booktitle={Financial Management of Firms and Financial Institutions, 8th International Scientific Conference Financial management of firms and financial institutions,(Ostrava, CZ, 9.-10. 9. 2013},
  year={2013}
}

@article{gapko2012dynamic,
  title={Dynamic Multi-Factor Credit Risk Model with Fat-Tailed Factors},
  author={Gapko, Petr and Smid, Martin},
  journal={Finance a Uver},
  volume={62},
  number={2},
  pages={125--140},
  year={2012},
  publisher={Charles University, Faculty of Social Sciences}
}


@article{gapko2012modeling,
  title={Modeling a distribution of mortgage credit losses},
  author={Gapko, Petr and {\v{S}}m{\'\i}d, Martin},
  journal={Ekonomick{\`y} {\v{c}}asopis},
  volume={10},
  pages={1005--1023},
  year={2012}
}

@article{koopman2012dynamic,
  title={Dynamic factor models with macro, frailty, and industry effects for US default counts: the credit crisis of 2008},
  author={Koopman, Siem Jan and others},
  journal={Journal of Business \& Economic Statistics},
  volume={30},
  number={4},
  pages={521--532},
  year={2012},
  publisher={Taylor \& Francis}
}

@book{duffie2012credit,
  title={Credit Risk: Pricing, Measurement, and Management},
  author={Duffie, Darrell and Singleton, Kenneth J},
  year={2003},
  publisher={Princeton University Press}
}



@article{jimenez2009modelling,
  title={Modelling the distribution of credit losses with observable and latent factors},
  author={Jim{\'e}nez, Gabriel and Menc{\'\i}a, Javier},
  journal={Journal of Empirical Finance},
  volume={16},
  number={2},
  pages={235--253},
  year={2009},
  publisher={Elsevier},
  doi = {10.1016/j.jempfin.2008.10.003},
  url = {https://doi.org/10.1016%2Fj.jempfin.2008.10.003}
}

@article{sommar2009interdependencies,
  title={Interdependencies between expected default frequency and the macro economy},
  author={Sommar, Per Asberg and Shahnazarian, Hovick},
  journal={International Journal of Central Banking},
  volume={5},
  number={3},
  pages={83--110},
  year={2009},
  publisher={International Journal of Central Banking}
}

@article{duffie2007multi,
  title={Multi-period corporate default prediction with stochastic covariates},
  author={Duffie, Darrell and others},
  journal={Journal of Financial Economics},
  volume={83},
  number={3},
  pages={635--665},
  year={2007},
  publisher={Elsevier},
  doi={10.1016/j.jfineco.2005.10.011}
}

@article{lai1991cointegration,
  title={A cointegration test for market efficiency},
  author={Lai, Kon S and Lai, Michael},
  journal={Journal of Futures Markets},
  volume={11},
  number={5},
  pages={567--575},
  year={1991},
  publisher={Wiley Online Library}
}


@article{smid16estimation,
author = {Šmíd,Martin},
title = {Estimation of Zero Intelligence Models by L1 Data},
journal = {Quantitative Finance},
year = {2016},
doi = {10.1080/14697688.2016.1149612},
}

@book{martin2012econometric,
  title={Econometric modelling with time series: specification, estimation and testing},
  author={Martin, Vance and Hurn, Stan and Harris, David},
  year={2012},
  publisher={Cambridge University Press}
}

@book{edwards2012advanced,
  title={Advanced calculus of several variables},
  author={Edwards, Charles Henry},
  year={2012},
  publisher={Courier Corporation}
}

@article{zapletal2016mean,
  title={Mean-risk optimal decision of a steel company under emission control},
  author={Zapletal, Franti{\v{s}}ek and {\v{S}}m{\'\i}d, Martin},
  journal={Central European Journal of Operations Research},
  volume={24},
  year={2016},
  number={2},
   pages={435--454},
  publisher={Springer}
}

@article{rockafellar2002conditional,
  title={Conditional value-at-risk for general loss distributions},
  author={Rockafellar, R Tyrrell and Uryasev, Stanislav},
  journal={Journal of banking \& finance},
  volume={26},
  number={7},
  pages={1443--1471},
  year={2002},
  publisher={Elsevier}
}

@article{hromadka2014medial,
  title={Medial calcar of proximal humeral fracture as landmark in restoration of humeral length in case of hemiarthroplasty},
  author={Hrom{\'a}dka, Rastislav and Kub{\v{e}}na, Ale{\v{s}} Anton{\'\i}n and {\v{S}}m{\'\i}d, Martin and Popelka, Stanislav},
  journal={Surgical and Radiologic Anatomy},
  volume={36},
  number={5},
  pages={473--479},
  year={2014},
  publisher={Springer}
}

@article{smid2012unit,
  title={Unit Stratified Sampling as a Tool for Approximation of Stochastic Optimization Problems},
  author={Smid, Martin and others},
  journal={Bulletin of the Czech Econometric Society},
  volume={19},
  year={2012},
  publisher={The Czech Econometric Society}
}

@misc{EC20xx,
  author = {European Comission},
  title = {Use of international credits},
  howpublished = {\url{https://ec.europa.eu/clima/policies/ets/credits_en}},
  note = {Accessed: 2017-02-02}
}

@book{chevallier2011econometric,
  title={Econometric analysis of carbon markets: the European Union emissions trading scheme and the clean development mechanism},
  author={Chevallier, Julien},
  year={2011},
  publisher={Springer Science \& Business Media}
}

@article{benz2009liquidity,
  title={Liquidity and price-discovery in the european CO2 futures market: An Intraday Analysis (working paper)},
  author={Benz, EA and Hengelbrock, J},
  journal={University of Bonn},
  year={2009}
}

@article{uhrig2009futures,
  title={Futures price dynamics of CO2 emission allowances: An empirical analysis of the trial period},
  author={Uhrig-Homburg, Marliese and Wagner, Michael},
  journal={The Journal of Derivatives},
  volume={17},
  number={2},
  pages={73--88},
  year={2009}
}

@article{daskalakis2009modeling,
  title={Modeling CO 2 emission allowance prices and derivatives: evidence from the European trading scheme},
  author={Daskalakis, George and Psychoyios, Dimitris and Markellos, Raphael N},
  journal={Journal of Banking \& Finance},
  volume={33},
  number={7},
  pages={1230--1241},
  year={2009},
  publisher={Elsevier}
}

@article{tang2013efficiency,
  title={The efficiency analysis of the European CO 2 futures market},
  author={Tang, Bao-jun and Shen, Cheng and Gao, Chao},
  journal={Applied energy},
  volume={112},
  pages={1544--1547},
  year={2013},
  publisher={Elsevier}
}

@article{mazza2015integrated,
  title={How integrated is the European carbon derivatives market?},
  author={Mazza, Paolo and Petitjean, Mikael},
  journal={Finance Research Letters},
  volume={15},
  pages={18--30},
  year={2015},
  publisher={Elsevier}
}

@article{gong2013optimal,
  title={Optimal production planning with emissions trading},
  author={Gong, Xiting and Zhou, Sean X},
  journal={Operations Research},
  volume={61},
  number={4},
  pages={908--924},
  year={2013},
  publisher={INFORMS}
}

@article{newey1994large,
  title={Large sample estimation and hypothesis testing},
  author={Newey, Whitney K and McFadden, Daniel},
  journal={Handbook of econometrics},
  volume={4},
  pages={2111--2245},
  year={1994},
  publisher={Elsevier}
}

@book{johansen1995likelihood,
  title={Likelihood-based inference in cointegrated vector autoregressive models},
  author={Johansen, S{\o}ren},
  year={1995},
  publisher={Oxford University Press on Demand}
}

@book{beard1982risk,
  title={Risk theory},
  author={Beard, Robert Eric and Pentikainen, T and Pesonen, Erkki},
  year={1984},
  publisher={Chapman and Hall}
}

@book{rotar2012probability,
  title={Probability and stochastic modeling},
  author={Rotar, Vladimir I},
  year={2012},
  publisher={CRC Press}
}

@book{athreya2006measure,
  title={Measure theory and probability theory},
  author={Athreya, Krishna B and Lahiri, Soumendra N},
  year={2006},
  publisher={Springer Science \& Business Media}
}

@book{kriegl1997convenient,
  title={The convenient setting of global analysis},
  author={Kriegl, Andreas and Michor, Peter W},
  volume={53},
  year={1997},
  publisher={American Mathematical Soc.}
}

@book{axler2000lebesgue,
  title={The Lebesgue-Stieltjes Integral. A Practical Introduction},
  author={Axler, S. and Gehring, F.W. and Ribet, K.A.},
  year={2000},
  publisher={Springer Verlag},
  address={New York}
}

@book{hull2016options,
  title={Options, futures, and other derivatives},
  author={Hull, John C and Basu, Sankarshan},
  year={2016},
  publisher={Prentice Hall, New Jersey, USA}
}

@article{vasicek1991limiting,
  title={Limiting loan loss probability distribution},
  author={Vasicek, Oldrich A},
  journal={Finance, Economics and Mathematics},
  pages={147--148},
  year={1991},
  note={Wiley Online Library}
}


@misc{vasicek1987probability,
  title={Probability of loss on loan portfolio},
  author={Vasicek, Oldrich A},
  year={1987},
  note={KMV Corporation (available at kmv.com)}
}

@article{vasicek2002distribution,
  title={The distribution of loan portfolio value},
  author={Vasicek, Oldrich},
  journal={Risk},
  volume={15},
  number={12},
  pages={160--162},
  year={2002}
}

@article{gapko2016multi,
  title={Multi-Period Structural Model of a Mortgage Portfolio with Cointegrated Factors},
  author={Gapko, Petr and {\v{S}}m{\'\i}d, Martin },
  journal={Finance a {\'u}v{\v{e}}r-Czech Journal of Economics and Finance},
  volume={66},
  pages={6},
  year={2016}
}

@book{horn1985cr,
	doi = {10.1017/cbo9781139020411},
	url = {https://doi.org/10.1017%2Fcbo9781139020411},
	year = 1985,
	publisher = {Cambridge University Press},
	author = {Roger A. Horn and Charles R. Johnson},
	title = {Matrix Analysis}
}}

@article{devroye1982bounds,
  title={Bounds for the uniform deviation of empirical measures},
  author={Devroye, L.},
  journal={Journal of Multivariate Analysis},
  volume={12},
  number={1},
  pages={72--79},
  year={1982},
  publisher={Elsevier},
  doi = {10.1016/0047-259x(82)90083-5},
   url = {https://doi.org/10.1016%2F0047-259x%2882%2990083-5}
}

@article{smid2017carbon,
  title={Which carbon derivatives are applicable in practice? A case study of a European steel company},
  author={{\v{S}}m{\'\i}d, Martin and Zapletal, Franti{\v{s}}ek and Han{\v{c}}lov{\'a}, Jana},
  journal={Kybernetika},
  volume={53},
  pages={1071--1085},
  number={6},
  year={2017},
  publisher={Akademie v{\v{e}}d {\v{C}}esk{\'e} republiky. {\'U}stav teorie informace a automatizace}
}

@article{smid2017dynamic,
  title={Dynamic Mocel of Market with Uninformed Market Maker},
  author={{\v{S}}m{\'\i}d, Martin and Kopa, Milo\v{s}},
  journal={Kybernetika},
  volume={53},
  pages={922--958},
  number={6},
  year={2017},
  publisher={Akademie v{\v{e}}d {\v{C}}esk{\'e} republiky. {\'U}stav teorie informace a automatizace}
}

@article{ohara2015high,
  title={High frequency market microstructure},
  author={O'Hara, Maureen},
  journal={Journal of Financial Economics},
  volume={116},
  number={2},
  pages={257--270},
  year={2015},
  publisher={Elsevier}
}

@article{budish2015high,
  title={The high-frequency trading arms race: Frequent batch auctions as a market design response},
  author={Budish, Eric and Cramton, Peter and Shim, John},
  journal={The Quarterly Journal of Economics},
  volume={130},
  number={4},
  pages={1547--1621},
  year={2015},
  publisher={MIT Press}
}



@article{lillo2007limit,
  title={Limit order placement as an utility maximization problem and the origin of power law distribution of limit order prices},
  author={Lillo, Fabrizio},
  journal={The European Physical Journal B},
  volume={55},
  number={4},
  pages={453--459},
  year={2007},
  publisher={Springer}
}

@article{rosu2012order,
  title={Order choice and information in limit order markets},
  author={Ro{\c{s}}u, Ioanid},
  journal={Market Microstructure},
  pages={41--60},
  year={2012},
  publisher={Wiley Online Library}
}

@article{bertsimas1998optimal,
  title={Optimal control of execution costs},
  author={Bertsimas, Dimitris and Lo, Andrew W},
  journal={Journal of Financial Markets},
  volume={1},
  number={1},
  pages={1--50},
  year={1998},
  publisher={Elsevier}
}

@article{almgren2001optimal,
  title={Optimal execution of portfolio transactions},
  author={Almgren, Robert and Chriss, Neil},
  journal={Journal of Risk},
  volume={3},
  pages={5--40},
  year={2001}
}


@book{gueant2016financial,
  title={The financial mathematics of market liquidity: From optimal execution to market making},
  author={Gu{\'e}ant, Olivier},
  volume={33},
  year={2016},
  publisher={CRC Press}
}

@inproceedings{Smid2013markov,
  title={Markov Equilibrium between High Frequency Traders},
  author={{\v{S}}m{\'\i}d, Martin},
  booktitle={International Scientific Conference Managing and Modelling of Financial Risks},
  year={2013},
  pages={781--786}
}

@article{shapiro2016time,
  title={Time and Dynamic Consistency of Risk Averse Stochastic Programs},
  author={Shapiro, Alexander and Pichler, Alois},
  journal={Published electronically in: Optimization Online},
  year={2016}
}

@article{wellman2017strategic,
  title={Strategic agent-based modeling of financial markets},
  author={Wellman, Michael P and Wah, Elaine},
  journal={RSF},
  year={2017},
  publisher={Russell Sage Foundation}
}

@inproceedings{wah2015welfare,
  title={Welfare effects of market making in continuous double auctions},
  author={Wah, Elaine and Wellman, Michael P},
  booktitle={Proceedings of the 2015 International Conference on Autonomous Agents and Multiagent Systems},
  pages={57--66},
  year={2015},
  organization={International Foundation for Autonomous Agents and Multiagent Systems}
}

@article{vytelingum2008strategic,
  title={Strategic bidding in continuous double auctions},
  author={Vytelingum, Perukrishnen and Cliff, Dave and Jennings, Nicholas R},
  journal={Artificial Intelligence},
  volume={172},
  number={14},
  pages={1700--1729},
  year={2008},
  publisher={Elsevier}
}

@article{bush2011stochastic,
  title={Stochastic evolution equations in portfolio credit modelling},
  author={Bush, Nick and Hambly, Ben M and Haworth, Helen and Jin, Lei and Reisinger, Christoph},
  journal={SIAM Journal on Financial Mathematics},
  volume={2},
  pages={627--664},
  year={2011},
  publisher={SIAM},
  doi="10.1137/100796777"
}

@article{philpott2013solving,
  title={On solving multistage stochastic programs with coherent risk measures},
  author={Philpott, Andy and de Matos, Vitor and Finardi, Erlon},
  journal={Operations Research},
  volume={61},
  number={4},
  pages={957--970},
  year={2013},
  publisher={INFORMS}
}

@misc{KozmikSDDP19,
  author = {Kozm{\'\i}k, V{\'a}clav},
  title = {C++ Implementation of the Markov SDDP Algorithm},
  year = {2019},
  publisher = {GitHub},
  journal = {GitHub repository},
  howpublished = {\url{https://github.com/utia-econometrics/sddp}}
}

@misc{SmidMSPP19,
  author = {\v{S}m{\'\i}d, Martin},
  title = {MS++ -- a C++ Library for Multi-stage Stochastic Optimization},
  year = {2019},
  publisher = {GitHub},
  journal = {GitHub repository},
  howpublished = {\url{https://github.com/cyberklezmer/mspp}}
}

@article{shapiro2011analysis,
  title={Analysis of stochastic dual dynamic programming method},
  author={Shapiro, Alexander},
  journal={European Journal of Operational Research},
  volume={209},
  number={1},
  pages={63--72},
  year={2011},
  publisher={Elsevier}
}

@article{barragan2018carbon,
  title={Carbon tax or emissions trading? An analysis of economic and political feasibility of policy mechanisms for greenhouse gas emissions reduction in the Mexican power sector},
  author={Barrag{\'a}n-Beaud, Camila and Pizarro-Alonso, Amalia and Xylia, Maria and Syri, Sanna and Silveira, Semida},
  journal={Energy policy},
  volume={122},
  pages={287--299},
  year={2018},
  publisher={Elsevier}
}

@inproceedings{Smid2019Solution,
  title={Solution of Emission Management Problem },
  author={{\v{S}}m{\'\i}d, Martin and Kozm{\'\i}k, V{\'{a}}clav},
  booktitle={proceedings of the 9th international scientific converence Managing and modeling of financial risk (Ostrava, CZ)},
  year={2018}
}

@MISC{Smid2020Solution,
  author = {{\v{S}}m{\'\i}d, Martin and Kozm{\'\i}k, V{\'{a}}clav},
  title = {Solution of a General Asset-Liability Management Model with Time-dependent Random Parameters},
  howpublished = {to appear},
  year = {2019}
}

@techreport{ferris2018dynamic,
  title={Dynamic risked equilibrium},
  author={Ferris, Michael and Philpott, Andy},
  year={2018},
  institution={Technical report, Electric Power Optimization Centre}
}

@book{bogavcev2007measure,
  title={Measure theory. 1 (2007)},
  author={Boga{\v{c}}ev, Vladimir I},
  year={2007},
  publisher={Springer}
}

@book{pflug2014multistage,
  title={Multistage stochastic optimization},
  author={Pflug, Georg Ch and Pichler, Alois},
  year={2014},
  publisher={Springer}
}

@book{ziemba2008scenarios,
  title={Scenarios for risk management and global investment strategies},
  author={Ziemba, Rachel ES and Ziemba, William T},
  year={2008},
  publisher={John Wiley \& Sons}
}

@book{villani2003topics,
  title={Topics in optimal transportation},
  author={Villani, C{\'e}dric},
  year={2003},
  publisher={American Mathematical Soc.}
}

@article{pflug2012distance,
  title={A distance for multistage stochastic optimization models},
  author={Pflug, Georg Ch and Pichler, Alois},
  journal={SIAM Journal on Optimization},
  volume={22},
  number={1},
  pages={1--23},
  year={2012},
  publisher={SIAM}
}

@article{zapletal2019multi,
  title={Multi-stage emissions management of a steel company},
  author={Zapletal, Franti{\v{s}}ek and {\v{S}}m{\'\i}d, Martin and Kopa, Milo{\v{s}}},
  journal={Annals of Operations Research},
  year={2019},
  publisher={Springer},
  note={online first}
}

@article{ruszczynski2006conditional,
  title={Conditional risk mappings},
  author={Ruszczy{\'n}ski, Andrzej and Shapiro, Alexander},
  journal={Mathematics of operations research},
  volume={31},
  number={3},
  pages={544--561},
  year={2006},
  publisher={INFORMS}
}

@misc{cobzacslipschitz,
  title={Lipschitz Functions},
  author={Cobza{\c{s}}, {\c{S}}tefan and Miculescu, Radu and Nicolae, Adriana},
  publisher={Springer},
  year={2019}
}

@article{skellam1946frequency,
  title={The frequency distribution of the difference between two Poisson variates belonging to different populations.},
  author={Skellam, John G},
  journal={Journal of the Royal Statistical Society. Series A (General)},
  volume={109},
  number={Pt 3},
  pages={296--296},
  year={1946}
}

@book{powell2007approximate,
  title={Approximate Dynamic Programming: Solving the curses of dimensionality},
  author={Powell, Warren B},
  volume={703},
  year={2007},
  publisher={John Wiley \& Sons}
}

@article{kreitmeier2011optimal,
  title={Optimal vector quantization in terms of Wasserstein distance},
  author={Kreitmeier, Wolfgang},
  journal={Journal of Multivariate Analysis},
  volume={102},
  number={8},
  pages={1225--1239},
  year={2011},
  publisher={Elsevier}
}


@article{zapletal2020multistage,
  title={Multi-stage stochastic optimization of emissions trading policy},
  author={Zapletal, Frantisek and  {\v S}m{\'\i}d, Martin nad Kozm{\'\i}k, V{\' a}clav},
  year={to appear}
}


@article{pereira1991multi,
  title={Multi-stage stochastic optimization applied to energy planning},
  author={Pereira, Mario VF and Pinto, Leontina MVG},
  journal={Mathematical programming},
  volume={52},
  number={1-3},
  pages={359--375},
  year={1991},
  publisher={Springer}
}

@misc{bahbouh2005method,
  title={Method and system for data understanding using sociomapping},
  author={Bahbouh, Radvan and Bahbouh, Kamil},
  year={2005},
  month=nov # "~17",
  publisher={Google Patents},
  note={US Patent App. 11/084,008}
}

@misc{ wikisocio,
    author = "{Wikipedia contributors}",
    title = "Sociomapping --- {Wikipedia}{,} The Free Encyclopedia",
    year = "2019",
    url = "https://en.wikipedia.org/w/index.php?title=Sociomapping&oldid=910764737",
    note = "[Online; accessed 12-February-2020]"
  }

@article{hoschl2006vizualizace,
  title={Vizualizace sociomap},
  author={H{\"o}schl, Cyril},
  year={2006},
  publisher={Univerzita Karlova, Matematicko-fyzik{\'a}ln{\'\i} fakulta}
}

@article{hoschl2010vizualizace,
  title={Vizualizace a testov{\'a}n{\'\i} t{\`y}mov{\`y}ch profil{\u u}},
  author={H{\"o}schl, Cyril},
  year={2010},
  publisher={Univerzita Karlova, Matematicko-fyzik{\'a}ln{\'\i} fakulta}
}

@article{borg2003modern,
  title={Modern multidimensional scaling: Theory and applications},
  author={Borg, Ingwer and Groenen, Patrick},
  journal={Journal of Educational Measurement},
  volume={40},
  number={3},
  pages={277--280},
  year={2003},
  publisher={Wiley Online Library}
}

@article{chino2012brief,
  title={A brief survey of asymmetric MDS and some open problems},
  author={Chino, Naohito},
  journal={Behaviormetrika},
  volume={39},
  number={1},
  pages={127--165},
  year={2012},
  publisher={The Behaviormetric Society}
}

@book{asmussen2008applied,
  title={Applied probability and queues},
  author={Asmussen, S{\o}ren},
  volume={51},
  year={2008},
  publisher={Springer Science \& Business Media}
}

@article{hanvclova2020interaction,
  title={On interaction between carbon spot prices and Czech steel industry},
  author={Han{\v{c}}lov{\'a}, J and Zapletal, F and {\v{S}}m{\'\i}d, M},
  journal={Carbon Management},
  pages={1--17},
  year={2020},
  publisher={Taylor \& Francis}
}

@article{mossong2008social,
  title={Social contacts and mixing patterns relevant to the spread of infectious diseases},
  author={Mossong, Jo{\"e}l and Hens, Niel and Jit, Mark and Beutels, Philippe and Auranen, Kari and Mikolajczyk, Rafael and Massari, Marco and Salmaso, Stefania and Tomba, Gianpaolo Scalia and Wallinga, Jacco and others},
  journal={PLoS medicine},
  volume={5},
  number={3},
  year={2008},
  publisher={Public Library of Science}
}

@article{prem2017projecting,
  title={Projecting social contact matrices in 152 countries using contact surveys and demographic data},
  author={Prem, Kiesha and Cook, Alex R and Jit, Mark},
  journal={PLoS computational biology},
  volume={13},
  number={9},
  pages={e1005697},
  year={2017},
  publisher={Public Library of Science}
}


@article{britton2010stochastic,
  title={Stochastic epidemic models: a survey},
  author={Britton, Tom},
  journal={Mathematical biosciences},
  volume={225},
  number={1},
  pages={24--35},
  year={2010},
  publisher={Elsevier}
}

@article{farnoosh2017stochastic,
  title={Stochastic differential equation systems for an SIS epidemic model with vaccination and immigration},
  author={Farnoosh, Rahman and Parsamanesh, Mahmood},
  journal={Communications in Statistics-Theory and Methods},
  volume={46},
  number={17},
  pages={8723--8736},
  year={2017},
  publisher={Taylor \& Francis}
}

@article{gibson1998estimating,
  title={Estimating parameters in stochastic compartmental models using Markov chain methods},
  author={Gibson, Gavin J and Renshaw, Eric},
  journal={Mathematical Medicine and Biology: A Journal of the IMA},
  volume={15},
  number={1},
  pages={19--40},
  year={1998},
  publisher={OUP}
}

@article{prem2020effect,
  title={The effect of control strategies to reduce social mixing on outcomes of the COVID-19 epidemic in Wuhan, China: a modelling study},
  author={Prem, Kiesha and Liu, Yang and Russell, Timothy W and Kucharski, Adam J and Eggo, Rosalind M and Davies, Nicholas and Flasche, Stefan and Clifford, Samuel and Pearson, Carl AB and Munday, James D and others},
  journal={The Lancet Public Health},
  year={2020},
  publisher={Elsevier}
}

@article{kucharski2020early,
  title={Early dynamics of transmission and control of COVID-19: a mathematical modelling study},
  author={Kucharski, Adam J and Russell, Timothy W and Diamond, Charlie and Liu, Yang and Edmunds, John and Funk, Sebastian and Eggo, Rosalind M and Sun, Fiona and Jit, Mark and Munday, James D and others},
  journal={The lancet infectious diseases},
  year={2020},
  publisher={Elsevier}
}

@article{zhou2013negative,
  title={Negative binomial process count and mixture modeling},
  author={Zhou, Mingyuan and Carin, Lawrence},
  journal={IEEE Transactions on Pattern Analysis and Machine Intelligence},
  volume={37},
  number={2},
  pages={307--320},
  year={2013},
  publisher={IEEE}
}

@article{endo2020estimating,
  title={Estimating the overdispersion in COVID-19 transmission using outbreak sizes outside China},
  author={Endo, Akira and others},
  journal={Wellcome Open Research},
  volume={5},
  year={2020},
  publisher={The Wellcome Trust}
}

@misc{pollock2020asymptomatic,
  title={Asymptomatic transmission of covid-19},
  author={Pollock, Allyson M and Lancaster, James},
  year={2020},
  publisher={British Medical Journal Publishing Group}
}

@article{getz2006modeling,
  title={Modeling the invasion and spread of contagious diseases in heterogeneous populations},
  author={Getz, Wayne M and Lloyd-Smith, James O and Cross, Paul C and Bar-David, Shirli and Johnson, Philip L and Porco, Travis C and S{\'a}nchez, Mar{\'\i}s S},
  journal={Disease evolution: models, concepts, and data analyses},
  volume={71},
  pages={113--144},
  year={2006}
}

@article{embrechts2013note,
  title={A note on generalized inverses},
  author={Embrechts, Paul and Hofert, Marius},
  journal={Mathematical Methods of Operations Research},
  volume={77},
  number={3},
  pages={423--432},
  year={2013},
  publisher={Springer}
}

@book{hautsch2011modelling,
  title={Modelling irregularly spaced financial data: theory and practice of dynamic duration models},
  author={Hautsch, Nikolaus},
  volume={539},
  year={2011},
  publisher={Springer Science \& Business Media}
}

@incollection{bauwens2009modelling,
  title={Modelling financial high frequency data using point processes},
  author={Bauwens, Luc and Hautsch, Nikolaus},
  booktitle={Handbook of financial time series},
  pages={953--979},
  year={2009},
  publisher={Springer}
}

@article{huang2017ergodicity,
  title={Ergodicity and diffusivity of Markovian order book models: a general framework},
  author={Huang, Weibing and Rosenbaum, Mathieu},
  journal={SIAM Journal on Financial Mathematics},
  volume={8},
  number={1},
  pages={874--900},
  year={2017},
  publisher={SIAM}
}

@article{clinet2017statistical,
  title={Statistical inference for ergodic point processes and application to limit order book},
  author={Clinet, Simon and Yoshida, Nakahiro},
  journal={Stochastic Processes and their Applications},
  volume={127},
  number={6},
  pages={1800--1839},
  year={2017},
  publisher={Elsevier}
}

@article{scalas2004anomalous,
  title={Anomalous waiting times in high-frequency financial data},
  author={Scalas 7, Enrico and Gorenflo, Rudolf and Luckock, Hugh and Mainardi, Francesco and Mantelli, Maurizio and Raberto, Marco},
  journal={Quantitative Finance},
  volume={4},
  number={6},
  pages={695--702},
  year={2004},
  publisher={Taylor \& Francis}
}

@book{limnios2001semi,
  title={Semi-Markov processes and reliability},
  author={Limnios, Nikolaos and Oprisan, Gheorghe},
  year={2001},
  publisher={Springer Science \& Business Media}
}

@article{rudin2019stop,
  title={Stop explaining black box machine learning models for high stakes decisions and use interpretable models instead},
  author={Rudin, Cynthia},
  journal={Nature Machine Intelligence},
  volume={1},
  number={5},
  pages={206--215},
  year={2019},
  publisher={Nature Publishing Group}
}

@misc{sherratt2022predictive,
	title={Predictive performance of multi-model ensemble forecasts of COVID-19 across European nations},
	author={Katharine Sherratt, Hugo Gruson, Johannes Bracher, Sebastian Funk},
	note={Preprint.}
}

@article{bracher2021evaluating,
  title={Evaluating epidemic forecasts in an interval format},
  author={Bracher, Johannes and Ray, Evan L and Gneiting, Tilmann and Reich, Nicholas G},
  journal={PLoS computational biology},
  volume={17},
  number={2},
  pages={e1008618},
  year={2021},
  publisher={Public Library of Science San Francisco, CA USA}
}

@inproceedings{gilpin2018explaining,
  title={Explaining explanations: An overview of interpretability of machine learning},
  author={Gilpin, Leilani H and Bau, David and Yuan, Ben Z and Bajwa, Ayesha and Specter, Michael and Kagal, Lalana},
  booktitle={2018 IEEE 5th International Conference on data science and advanced analytics (DSAA)},
  pages={80--89},
  year={2018},
  organization={IEEE}
}

@article{smid2021seir,
  title={SEIR Filter: A Stochastic Model of Epidemic},
  author={Smid, Martin and Berec, Ludek and Kubena, Ales Antonin and Levinsky, Rene and Trnka, Jan and Tucek, Vit and Zajicek, Milan},
  journal={medRxiv},
  year={2021},
  publisher={Cold Spring Harbor Laboratory Press}
}

@inbook{smid2022funguji,
  author    = {Šmid, Martin and Kuběna, Aleš},
  title     = {Rok s pandemií covid-19 -- reflexe v poločase},
  chapter   = {Fungují opatření? Korelace versus kauzalita},
  publisher = {Carolinum},
  year      = {2022},
  note      = {In print. In Czech.}
}

@inbook{smid2022dosahneme,
  author    = {Šmid, Martin},
  title     = {Rok s pandemií covid-19 -- reflexe v poločase},
  chapter   = {Dosáhneme kolektivní imunity o\v{c}kováním?},
  publisher = {Carolinum},
  year      = {2022},
  note      = {In print. In Czech.}
}

@article{gavenvciak2021seasonal,
  title={Seasonal variation in SARS-CoV-2 transmission in temperate climates},
  author={Gaven{\v{c}}iak, Tom{\'a}{\v{s}} and Monrad, Joshua Teperowski and Leech, Gavin and Sharma, Mrinank and Mindermann, S{\"o}ren and Brauner, Jan Marcus and Bhatt, Samir and Kulveit, Jan},
  journal={medRxiv},
  year={2021},
  publisher={Cold Spring Harbor Laboratory Press}
}


@article{lohndorf2019modeling,
  title={Modeling time-dependent randomness in stochastic dual dynamic programming},
  author={L{\"o}hndorf, Nils and Shapiro, Alexander},
  journal={European Journal of Operational Research},
  volume={273},
  number={2},
  pages={650--661},
  year={2019},
  publisher={Elsevier}
}

@article{shanthikumar1984central,
  title={A central limit theorem for random sums of random variables},
  author={Shanthikumar, JG and Sumita, U},
  journal={Operations research letters},
  volume={3},
  number={3},
  pages={153--155},
  year={1984},
  publisher={Elsevier}
}

@book{kendall1948advanced,
  title={The advanced theory of statistics. Vols. 1.},
  author={Kendall, Maurice G and others},
  journal={The advanced theory of statistics. Vols. 1.},
  volume={1},
  number={Ed. 4},
  year={1948},
  publisher={Charles Griffin and Co., Ltd., 42 Drury Lane, London}
}

@article{derksen2020clearing,
  title={Clearing price distributions in call auctions},
  author={Derksen, M and Kleijn, B and De Vilder, R},
  journal={Quantitative Finance},
  volume={20},
  number={9},
  pages={1475--1493},
  year={2020},
  publisher={Taylor \& Francis}
}

@book{friedman2018double,
  title={The double auction market: institutions, theories, and evidence},
  author={Friedman, Daniel},
  year={2018},
  publisher={Routledge}
}

@article{toke2015exact,
  title={Exact and asymptotic solutions of the call auction problem},
  author={Toke, Ioane Muni},
  journal={Market microstructure and liquidity},
  volume={1},
  number={01},
  pages={1550001},
  year={2015},
  publisher={World Scientific}
}

@article{mendelson1982market,
  title={Market behavior in a clearing house},
  author={Mendelson, Haim},
  journal={Econometrica: Journal of the Econometric Society},
  pages={1505--1524},
  year={1982},
  publisher={JSTOR}
}

@misc{wolframbessel,
  title={The {W}olfram functions site, modified {B}essel function of the first kind}, 
  author={{Wolfram Research}},
  note={\url{https://functions.wolfram.com/Bessel-TypeFunctions/BesselI/20/ShowAll.html} (accessed Oct 2022)}
}


@article{palguta2022elections,
  title={Do elections accelerate the COVID-19 pandemic?},
  author={J{\'a}n Palguta and Ren{\'e} Lev{\'\i}nsk{\`y} and Samuel {\v{S}}koda},
  journal={Journal of Population Economics},
  volume={35},
  number={1},
  pages={197--240},
  year={2022},
  publisher={Springer Nature BV}	
}


@article{smid2022protection,
   title={Protection by vaccines and previous infection against the omicron variant of severe acute respiratory syndrome coronavirus 2},
  author={{\v{S}}m{\'\i}d, Martin and Berec, Lud{\v{e}}k and P{\v{r}}ibylov{\'a}, Lenka and M{\'a}jek, Ond{\v{r}}ej and Pavl{\'\i}k, Tom{\'a}{\v{s}} and Jarkovsk{\`y}, Ji{\v{r}}{\'\i} and Weiner, Jakub and Barusov{\'a}, Tamara and Trnka, Jan},
  journal={The Journal of infectious diseases},
  volume={226},
  number={8},
  pages={1385--1390},
  year={2022},
  publisher={Oxford University Press}
}rnal of Infectious Diseases},
  year={2022},
}


@article{smid2022responseBeran,
  title={Response to Beran et al},
  author={{\v{S}}m{\'\i}d, Martin and Berec, Lud{\v{e}}k and Trnka, Jan},
  journal={The Journal of Infectious Diseases},
  volume={226},
  number={5},
  pages={944--945},
  year={2022},
  publisher={Oxford University Press}
}


@article{smid2022responseLlibre,
  title={Response to Llibre et al.},
  author={{\v{S}}m{\'\i}d, Martin and Berec, Lud{\v{e}}k and Trnka, Jan},
  journal={The Journal of Infectious Diseases},
  year={2022}
}

@article{berec2022protection,
  title={Protection provided by vaccination, booster doses and previous infection against covid-19 infection, hospitalisation or death over time in Czechia},
  author={Berec, Lud{\v{e}}k and {\v{S}}m{\'\i}d, Martin and P{\v{r}}ibylov{\'a}, Lenka and M{\'a}jek, Ond{\v{r}}ej and Pavl{\'\i}k, Tom{\'a}{\v{s}} and Jarkovsk{\`y}, Ji{\v{r}}{\'\i} and Zaj{\'\i}{\v{c}}ek, Milan and Weiner, Jakub and Barusov{\'a}, Tamara and Trnka, Jan},
  journal={PloS one},
  volume={17},
  number={7},
  pages={e0270801},
  year={2022},
  publisher={Public Library of Science San Francisco, CA USA}
}

@article{berec2022delays,
  title={Delays, Masks, the Elderly, and Schools: First Covid-19 Wave in the Czech Republic},
  author={Berec, Lud{\v{e}}k and Smy{\v{c}}ka, Jan and Lev{\'\i}nsk{\`y}, Ren{\'e} and Hrom{\'a}dkov{\'a}, Eva and {\v{S}}olt{\'e}s, Michal and {\v{S}}lerka, Josef and Tu{\v{c}}ek, V{\'\i}t and Trnka, Jan and {\v{S}}m{\'\i}d, Martin and Zaj{\'\i}{\v{c}}ek, Milan and others},
  journal={Bulletin of mathematical biology},
  volume={84},
  number={8},
  pages={75},
  year={2022},
  publisher={Springer}
}

@article{berec2022importance,
  title={Importance of vaccine action and availability and epidemic severity for delaying the second vaccine dose},
  author={Berec, Lud{\v{e}}k and Lev{\'\i}nsk{\`y}, Ren{\'e} and Weiner, Jakub and {\v{S}}m{\'\i}d, Martin and Neruda, Roman and Vidnerov{\'a}, Petra and Suchop{\'a}rov{\'a}, Gabriela},
  journal={Scientific Reports},
  volume={12},
  number={1},
  pages={7638},
  year={2022},
  publisher={Nature Publishing Group UK London}
}

@inproceedings{suchoparova2022using,
  title={Using a Deep Neural Network in a Relative Risk Model to Estimate Vaccination Protection for COVID-19},
  author={Suchop{\'a}rov{\'a}, Gabriela and Vidnerov{\'a}, Petra and Neruda, Roman and {\v{S}}m{\'\i}d, Martin},
  booktitle={Engineering Applications of Neural Networks: 23rd International Conference, EAAAI/EANN 2022, Chersonissos, Crete, Greece, June 17--20, 2022, Proceedings},
  pages={310--320},
  year={2022},
  organization={Springer}
}

@article{berec2023contact,
  title={On the contact tracing for COVID-19: A simulation study},
  author={Berec, Lud{\v{e}}k and Divi{\'a}k, Tom{\'a}{\v{s}} and Kub{\v{e}}na, Ale{\v{s}} and Lev{\'\i}nsk{\`y}, Ren{\'e} and Neruda, Roman and Suchop{\'a}rov{\'a}, Gabriela and {\v{S}}lerka, Josef and {\v{S}}m{\'\i}d, Martin and Trnka, Jan and Tu{\v{c}}ek, V{\'\i}t and others},
  journal={Epidemics},
  pages={100677},
  year={2023},
  publisher={Elsevier}
}
