@article{artzner_99,
  author = {Artzner, P. and Delbaen, F. and Eber, J.-M. and Heath, D.},
  title = {Coherent measures of risk},
  journal = {Mathematical Finance},
  year = {1999},
  volume = {9},
  pages = {203--228}
}

@article{bayraksan_morton_2011,
  author = {Bayraksan, G. and Morton, D. P.},
  title = {A sequential sampling procedure for stochastic programming},
  journal = {Operations Research},
  year = {2011},
  volume = {59},
  pages = {898--913}
}

@article{benders,
  author = {Benders, J. F.},
  title = {Partitioning procedures for solving mixed-variables programming problems},
  journal = {Numerische Mathematik},
  year = {1962},
  volume = {4},
  pages = {238--252}
}

@article{bernoulli,
  author = {Bernoulli, D.},
  title = {Exposition of a new theory on the measurement of risk},
  note = {Originally published 1738},
  journal = {Econometrica},
  year = {1954},
  volume = {22},
  pages = {22--36}
}

@article{birge_85,
  author = {Birge, J. R.},
  title = {Decomposition and partitioning methods for multistage stochastic linear programs},
  journal = {Operations Research},
  year = {1985},
  volume = {33},
  pages = {989--1007}
}

@article{birge_multicut,
  author = {Birge, J. R. and Louveaux, F. V.},
  title = {A multicut algorithm for two-stage stochastic linear programs},
  journal = {European Journal of Operational Research},
  year = {1988},
  volume = {34},
  pages = {384--392}
}

@article{chen_powell_99,
  author = {Chen, Z. L. and Powell, W. B.},
  title = {Convergent cutting-plane and partial-sampling algorithm for multistage stochastic linear programs with recourse},
  journal = {Journal of Optimization Theory and Applications},
  year = {1999},
  volume = {102},
  pages = {497--524}
}

@article{donohue_birge_06,
  author = {Donohue, C. J. and Birge, J. R.},
  title = {The abridged nested decomposition method for multistage stochastic linear programs with relatively complete recourse},
  journal = {Algorithmic Operations Research},
  year = {2006},
  volume = {1},
  pages = {20--30}
}

@article{saa,
  author = {Kleywegt, A. J. and Shapiro, A. and Homem-de-Mello, T.},
  title = {The sample average approximation method for stochastic discrete optimization},
  journal = {SIAM Journal on Optimization},
  year = {2001},
  volume = {12},
  pages = {479--502}
}

@article{K-U-Z,
  author = {Krokhmal, P. and Zabarankin, M. and Uryasev, S.},
  title = {Modeling and Optimization of Risk},
  journal = {Surveys in Operations Research and Management Science},
  year = {2011},
}

@incollection{neumann,
  title={Theory of games and economic behavior},
  author={Von Neumann, John and Morgenstern, Oskar},
  booktitle={Theory of games and economic behavior},
  year={2007},
  publisher={Princeton university press}
}

@article{markowitz_artic,
  title={Markowitz. Portfolio Selection},
  journal = {Journal of Finance},
  author = {Markowitz, Harry M.},
  volume = {7},
  number = {1},
  year={1952}
}

@book{markowitz_book,
  author = {Markowitz, Harry M.},
  title = {Portfolio Selection: Efficient Diversification of Investments},
  publisher = {John Wiley \& Sons},
  year = {1959}
}

@article{complexity,
  author = {Shapiro, Arkadi and Nemirovski, Alexander},
  title = {On Complexity of Stochastic Programming Problems},
  journal = {Applied Optimization},
  year = {2005},
  volume = {99},
  pages = {111--146}
}

@article{slyke_wets,
  author = {Van Slyke, Richard M. and Wets, J.-B.},
  title = {L-Shaped linear programs with applications to optimal control and stochastic programming},
  journal = {SIAM Journal of Applied Mathematics},
  year = {1969},
  volume = {17},
  pages = {638--663}
}

@article{regular_decomp,
  author = {Ruszczy≈Ñski, Andrzej},
  title = {A regularized decomposition method for minimizing a sum of polyhedral functions},
  journal = {Mathematical Programming},
  year = {1986},
  volume = {35},
  pages = {305--333}
}

@article{stochdecomp_2stage,
  author = {Higle, James L. and Ahmed, Shabbir},
  title = {Stochastic Decomposition: An Algorithm for Two-Stage Linear Programs with Recourse},
  journal = {Mathematics of Operations Research},
  year = {1991},
  volume = {16},
  pages = {650--669}
}

@article{pereirapinto,
  author  = {Pereira, M. V. F. and Pinto, L. M. V. G.},
  title   = {Multi-stage stochastic optimization applied to energy planning},
  journal = {Mathematical Programming},
  year    = {1991},
  volume  = {52},
  pages   = {359--375}
}

@article{linowsky_philpott_05,
  author  = {Linowsky, K. and Philpott, A. B.},
  title   = {On the convergence of sampling-based decomposition algorithms for multi-stage stochastic programs},
  journal = {Journal of Optimization Theory and Applications},
  year    = {2005},
  volume  = {125},
  pages   = {349--366}
}


@article{philpott_guan_08,
  author  = {Philpott, A. B. and Guan, Z.},
  title   = {On the convergence of sampling-based methods for multi-stage stochastic linear programs},
  journal = {Operations Research Letters},
  year    = {2008},
  volume  = {36},
  pages   = {450--455}
}

@article{stochdecomp,
  title={Stochastic scenario decomposition for multistage stochastic programs},
  author={Higle, Julia L and Rayco, Brenda and Sen, Suvrajeet},
  journal={IMA Journal of Management Mathematics},
  volume={21},
  number={1},
  pages={39--66},
  year={2010},
  publisher={OUP}
}

@article{sen_zhou_2012,
  title={Multistage stochastic decomposition: a bridge between stochastic programming and approximate dynamic programming},
  author={Sen, Suvrajeet and Zhou, Zhihong},
  journal={SIAM Journal on Optimization},
  volume={24},
  number={1},
  pages={127--153},
  year={2014},
  publisher={SIAM}
}

@article{rockafellar_wets_91,
  title={Scenarios and policy aggregation in optimization under uncertainty},
  author={Rockafellar, R Tyrrell and Wets, Roger J-B},
  journal={Mathematics of operations research},
  volume={16},
  number={1},
  pages={119--147},
  year={1991},
  publisher={INFORMS}
}


